3275 4984
649 431 860 490 ..25-

182 614 369 696 retinenda,
409 635 450 680 ne
490 615 658 680 turbarent
693 614 802 696 potius
842 613 1059 693 intellectum,
1093 630 1191 692 quam
1227 609 1316 673 iuva·

183 723 261 781 rent
275 721 361 798 etc.“,
382 715 514 784 easdem
529 716 673 781 rationes
694 716 794 780 etiam
810 716 846 778 in
859 717 1062 798 Propertium
1077 709 1314 783 recensendum

183 839 359 902 perperam
392 819 600 903 transtulisse
628 817 765 883 videtur.
814 817 950 882 Duobus
974 818 1061 882 enim
1093 817 1175 882 locis
1197 815 1316 898 probat

185 923 384 1006 scripturam
408 921 589 988 accusativi
610 941 669 1004 per
691 921 736 985 is:

231 1025 434 1090 exeuntis
459 1031 486 1104 5,
510 1030 537 1103 7,
561 1027 609 1104 23,

232 1128 439 1210 spirantis
464 1133 492 1205 5,
519 1132 638 1205 17,11.

189 1230 357 1312 singulari
380 1231 451 1295 loco
475 1227 621 1294 eiusdem
644 1229 773 1310 generis
796 1227 1010 1292 nominativi:

232 1333 457 1398 versantis
482 1337 509 1411 2,
536 1336 561 1411 1,
584 1335 624 1394 45
641 1339 755 1395 contra
771 1329 910 1410 codices,
933 1329 1083 1410 quamvis
1098 1326 1187 1393 haud
1201 1327 1316 1411 paucis

396 1442 427 1498 et
450 1432 668 1516 apertissimis
691 1433 773 1498 locis
796 1431 848 1497 sui
871 1431 995 1497 codicis
1008 1433 1046 1512 N,
1069 1430 1157 1512 quod
1172 1427 1317 1494 dilucide

398 1535 535 1620 adparet
557 1535 716 1618 exemplis
739 1555 839 1618 supra
861 1535 1008 1613 collatis,
1039 1531 1205 1598 scribendi
1231 1532 1316 1596 ratio

394 1659 451 1722 per
475 1639 486 1702 i
509 1637 761 1702 commendetur.

276 1741 427 1806 Ceterum
449 1761 527 1804 num
542 1742 703 1824 scriptura
725 1759 783 1822 per
804 1739 843 1814 is,
865 1736 901 1802 id
923 1737 1010 1819 quod
1032 1739 1102 1803 viro
1126 1736 1316 1802 doctissimo

181 1843 294 1908 visum
317 1850 379 1925 est,
408 1844 595 1908 intellectus
619 1843 773 1920 turbetur,
797 1841 832 1905 in
855 1839 962 1905 medio
981 1840 1207 1922 relinquimus.
1243 1841 1319 1904 Pro·

184 1945 275 2010 fecto
311 1946 370 2010 illa
399 1945 514 2010 eadem
544 1945 777 2029 probabilitate
810 1964 869 2026 pro
898 1944 1159 2022 Catullianornm
1189 1947 1221 2007 et
1247 1943 1322 2006 Pro·

190 2050 415 2131 pertianorum
438 2049 587 2113 codicum
610 2047 678 2111 fere
705 2047 806 2112 simili
836 2041 1024 2131 conditione
1047 2043 1238 2128 recipienda
1261 2051 1319 2126 est,

188 2171 257 2232 qua
291 2152 368 2214 Luc.
398 2150 554 2215 Miillerus
589 2150 624 2213 in
661 2148 789 2214 Catullo
831 2148 1031 2214 recensendo
1069 2149 1169 2212 etiam
1205 2154 1320 2211 contra

188 2253 293 2318 libros
317 2251 368 2328 (ci.
392 2253 492 2336 praef.
509 2251 552 2317 ad
569 2252 687 2317 Oatull.
701 2272 754 2335 pg.
769 2250 864 2337 XIlI)
880 2252 1018 2318 formas:
1041 2271 1165 2330 aevom,
1189 2270 1318 2331 novom,

190 2362 275 2436 tuos,
299 2362 388 2420 tuom
412 2355 508 2420 simil.
531 2355 675 2438 recipere
697 2374 764 2418 non
787 2352 960 2419 dubitavit.

279 2463 456 2527 Praeterea
485 2461 660 2526 dicendum
693 2470 742 2527 est
780 2462 819 2527 de
859 2461 1047 2526 accusativo
1079 2459 1197 2541 singul.
1234 2477 1324 2521 num.

192 2583 305 2629 eornm
345 2566 593 2646 vocabulorum,
634 2585 770 2647 quornm
806 2565 906 2647 stirps
941 2563 998 2628 ini
1032 2563 1151 2629 finitur.
1212 2563 1320 2644 Atque

192 2666 290 2733 huius
319 2668 450 2749 quidem
485 2668 717 2734 declinationis
732 2671 756 2746 1)
784 2667 929 2750 priscum
960 2673 992 2730 et
1022 2667 1202 2750 genuinum
1232 2684 1324 2729 accu-

189 2770 335 2835 sativum
371 2772 499 2854 per-im
539 2771 747 2835 terminatum
786 2789 874 2851 esse,
923 2790 996 2834 cum
1034 2768 1112 2834 inde
1152 2769 1321 2848 evincitur,

190 2872 279 2954 quod
315 2872 403 2956 apud
441 2873 641 2955 antiquiores
680 2873 889 2956 scriptor-eser
923 2872 1144 2953 frequentiora
1175 2868 1322 2935 eiusdem

194 2976 327 3056 generis
359 2977 509 3060 exempla
532 2982 720 3055 occurrunt,
751 2982 819 3040 tum
852 2995 892 3039 ex
921 2993 1061 3056 graecae
1088 2972 1321 3038 declinationis

194 3077 413 3143 similitudine
444 3079 526 3146 satis
561 3078 713 3162 adparet,
750 3097 815 3158 qua
845 3096 972 3160 semper
1001 3076 1222 3142 terminatio-o
1251 3075 1323 3138 reti·

190 3181 339 3244 nebatur.
366 3182 509 3248 ¹Latino
532 3201 608 3246 vero
637 3200 786 3246 sermone
808 3200 880 3246 cum
903 3180 1030 3245 vocalis
1052 3180 1065 3242 i
1088 3178 1261 3262 paullatim
1284 3177 1320 3241 in

189 3301 208 3346 e
232 3285 401 3360 transiret,
424 3304 531 3367 pauca
554 3291 779 3350 remanserunt
793 3284 963 3363 vocabula,
986 3302 1123 3364 quorum
1138 3280 1321 3346 accusativi

189 3386 287 3468 singl.
323 3388 511 3453 terminatio
543 3389 638 3452 in-im
665 3407 723 3471 per
752 3387 864 3452 omnia
894 3387 1029 3467 linguae
1062 3384 1195 3450 saecula
1226 3382 1322 3462 adop·

189 3490 333 3570 tabatur,
356 3491 443 3556 inter
465 3511 545 3573 ques
568 3490 732 3556 referendi
756 3498 832 3556 sunt
855 3488 944 3573 apud
966 3487 1187 3570 Propertium:

232 3591 402 3677 puppim
437 3600 465 3668 5,
490 3599 518 3675 6,
548 3599 587 3658 29
624 3613 733 3677 puppe
755 3594 794 3672 F,
831 3592 945 3658 sitim
968 3596 997 3671 3,
1026 3596 1074 3670 17,
1098 3595 1133 3661 6;
1178 3595 1206 3667 5,
1230 3595 1258 3668 5,
1284 3593 1320 3670 2;

394 3701 422 3776 9,
446 3701 502 3778 62;
546 3697 695 3762 tussim
719 3704 745 3776 5,
769 3702 797 3774 5,
824 3701 880 3774 673
924 3693 1108 3759 Tiberim
1139 3696 1320 3772 4,11,42;

399 3805 426 3872 5,
452 3804 500 3878 lc,
525 3804 564 3863 25
579 3799 680 3864 Prisc.
703 3819 756 3882 pg.
773 3803 834 3864 327
854 3818 899 3879 sq.

186 3901 382 3977 accusativi,
404 3920 485 3982 quos
507 3900 595 3984 apud
618 3908 743 3966 ceteros
766 3920 895 3983 quoque
914 3898 1059 3964 eiusdem
1076 3897 1197 3963 aetatis
1221 3896 1319 3978 scrip

259 4171 278 4241 ¹)
299 4171 460 4241 Schneider,
478 4171 515 4236 Π,
532 4190 578 4242 pg.
598 4175 647 4224 206
665 4189 707 4240 sq.
725 4202 759 4211 -
778 4171 890 4239 Struve,
908 4170 1004 4232 Ueber
1015 4168 1060 4222 die
1071 4168 1120 4222 lat.
1132 4167 1316 4222 Declination

183 4257 247 4312 und
266 4256 468 4328 Conjugation,
487 4275 531 4328 pg.
553 4261 611 4310 285.

260 4345 284 4412 2)
301 4344 407 4398 Eorum
425 4345 552 4413 exempla
570 4343 783 4413 diligentissime
802 4342 917 4413 collegit
934 4341 1036 4404 Neue,
1053 4340 1076 4405 I,
1093 4357 1140 4410 pg.
1159 4343 1217 4393 206.
