3275 4984
624 434 812 492 ,5.-

153 599 263 680 Prop,
283 599 386 662 Bonn.
413 603 580 681 1843,‘pg.
606 599 642 660 11
662 604 720 680 sq.)
743 599 902 682 parvique
926 606 1053 665 tantum
1076 600 1240 666 nulliusve
1254 601 1278 685 1)

152 691 254 783 pretii
285 719 357 766 esse
387 699 562 784 diligenter
593 707 624 765 et
660 699 755 766 docte
787 710 1006 784 exposuerunt
1037 703 1078 768 M.
1108 703 1282 786 Hauptius,

150 801 402 869 emendationes
425 804 656 870 nonnullorum
679 805 772 886 Prop.
795 804 950 883 locorum,
972 807 1077 871 Berol.
1099 804 1166 870 ind.
1189 806 1283 871 acad.

156 910 247 982 1854,
270 925 345 989 pgg.
370 913 421 970 4-
433 911 464 986 11;
496 906 626 989 Opuscl.
650 907 696 984 11,
727 925 803 990 pgg.
826 911 868 971 52
890 928 949 990 sq.;
980 909 1281 989 Ο111.Η41111141411.,

147 1016 292 1090 quaesti.
332 1011 435 1092 Prop.,
470 1011 574 1074 Bonn.
606 1013 699 1084 186&
737 1009 809 1074 Ohr.
840 1011 1064 1090 Luetiohann,
1097 1019 1282 1077 commentt.
1360 1049 1364 1056 -

149 1118 294 1194 propert.
317 1112 506 1192 1114118611,
529 1131 581 1194 pg.
596 1116 614 1176 3
631 1130 699 1194 sqq.
714 1111 842 1177 Deinde
858 1133 899 1177 ne
916 1114 1034 1178 librum
1055 1115 1186 1196 quidem
1205 1135 1283 1181 mss.

146 1214 233 1279 olim
247 1214 502 1297 Neapolitanum
517 1215 580 1292 111),
604 1233 690 1278 nunc
714 1215 1006 1300 Guelferbytanum
1026 1217 1179 1296 (Gudian.
1196 1222 1279 1297 224),

146 1337 248 1398 quem
271 1317 512 1392 Lachmannus‚
534 1316 686 1396 lacobus,
709 1318 938 1400 Herzbergius,
952 1320 1080 1386 Keilius
1099 1319 1277 1386 secundum

147 1421 267 1501 locum,
290 1422 358 1485 Luc
380 1420 536 1486 Mdllerus
567 1420 786 1503 principatum
813 1422 900 1486 inter
922 1442 1035 1488 omnes
1056 1421 1187 1488 codices
1205 1425 1279 1488 Pro-

148 1523 320 1605 pertianos
358 1523 504 1588 obtinere
537 1529 569 1587 et
605 1523 676 1606 ipso
714 1542 754 1586 411
786 1524 964 1608 archetypo
993 1525 1173 1608 profectum
1205 1545 1278 1591 4444

150 1625 272 1706 14111),
303 1632 338 1690 41
369 1625 436 1690 1414
467 1625 599 1689 unicum
635 1617 743 1691 textus
779 1626 1000 1692 constituendi
1029 1626 1168 1692 editioni
1198 1646 1277 1694 suae

146 1727 343 1809 subsidium,
374 1747 522 1793 normam
553 1734 719 1810 tamquam
750 1748 788 1793 ac
822 1730 968 1810 regulam
1006 1728 1202 1795 emendandi
1233 1749 1278 1795 se-

147 1830 314 1913 quendam
357 1850 429 1897 esse
468 1836 613 1913 putaret,
661 1831 932 1914 interpolatorum
973 1833 1108 1897 licentia
1144 1852 1277 1915 prorsus

145 1953 285 2015 uacare,
322 1933 387 1998 loci
418 1941 529 2016 aperte
569 1933 719 1998 indicant
748 1954 829 2000 sane
860 1935 1069 2017 paucissimi:
1107 1939 1135 2012 2,
1164 1941 1189 2015 1,
1217 1940 1276 2011 313

145 2041 178 2114 3,
211 2041 532 2113 15,.49;4,13,35.

239 2139 340 2205 Cuius
363 2137 495 2220 quidem
518 2139 641 2206 codicis
656 2147 786 2222 praeter
799 2146 924 2206 ceteros
938 2160 1051 2231 omncs
1075 2140 1275 2223 singularem

146 2249 179 2306 ct
222 2241 429 2324 potissimam
470 2241 566 2306 fidem
604 2249 680 2306 ante
717 2242 777 2308 hos
816 2249 882 2309 tres
920 2263 1024 2308 annos
1054 2243 1275 2309 Baehrensins

148 2343 238 2421 (edit.
261 2346 354 2428 Prop.
377 2345 464 2428 Lips.
488 2365 516 2410 a.
541 2349 636 2426 1880,
667 2344 812 2427 prolegg.
835 2364 911 2428 pgg.
935 2349 1278 2424 7-9)4141141414-

143 2454 248 2512 natus
293 2466 333 2511 ex
377 2467 499 2529 magna
543 2446 692 2512 codicum
735 2446 947 2512 multitudine
991 2453 1144 2529 quattuor
1179 2447 1273 2514 libris

148 2555 306 2630 tanquam
329 2547 498 2616 fidissimis
521 2551 676 2615 honorem
692 2548 825 2615 tandem
839 2548 1041 2614 reddendum
1063 2549 1275 2632 existimavit,

143 2670 214 2732 qua
236 2652 398 2735 Propertii
421 2653 544 2734 elegias
568 2652 673 2718 denuo
697 2658 896 2718 recenseret:

190 2754 231 2832 A)
256 2754 325 2820 eod.
348 2755 519 2836 Vossiano,
543 2756 639 2821 saecl.
662 2756 741 2821 XIV
763 2775 867 2838 usque
889 2753 933 2820 ad
955 2755 996 2836 ΙΙ,
1021 2761 1047 2837 1,
1077 2761 1117 2822 63
1140 2755 1275 2838 pertin.;

190 2857 230 2936 F)
256 2857 325 2922 cod.
348 2859 509 2938 Laurent,
533 2858 630 2924 44441.
654 2860 716 2924 XV
738 2857 833 2923 initio
858 2857 997 2940 scripto;

189 2963 230 3040 V)
249 2963 319 3027 cod.
344 2961 744 3044 ottoboniano-Vaticano,
768 2962 866 3028 saecl.
889 2962 968 3027 XIV
991 2962 1155 3041 exeuntis3

128 3109 132 3117 ι
192 3065 235 3146 1))
254 3066 323 3130 cod.
345 3065 565 3130 bibliothecae
587 3063 674 3148 publ.
696 3065 787 3131 urbis
809 3064 1048 3129 Neerlandicae
1064 3044 1274 3146 Darentriae,

246 3168 281 3234 in
303 3168 402 3234 Italia
424 3167 511 3233 intra
534 3189 563 3232 a.
586 3168 653 3232 fere
678 3172 845 3232 14111-20
869 3167 1000 3250 scripto.

215 3304 234 3374 ¹)
255 3305 337 3368 Quod
351 3309 449 3359 contra
461 3305 526 3359 vide
538 3304 608 3359 Luc.
621 3305 732 3359 Miillcri
745 3304 888 3370 iudicium,
899 3304 989 3373 praef.
1008 3304 1045 3358 ad
1056 3304 1141 3373 Prop.
1160 3321 1207 3374 pg.
1219 3303 1271 3372 VI,

140 3389 191 3443 cui
215 3407 278 3443 cum
297 3407 364 3444 eura
389 3391 539 3460 pensitatis
559 3395 701 3462 quotquot
723 3391 778 3444 hue
803 3396 936 3460 spectant
957 3390 1028 3444 locis
1050 3389 1183 3443 assentiri
1204 3389 1272 3442 mihi

142 3475 222 3528 visus
241 3491 314 3529 sum:
339 3475 425 3546 „Mihi
442 3482 475 3530 ut
492 3493 582 3530 meam
600 3477 656 3530 iam
674 3475 845 3531 sententiam
863 3475 997 3546 aperiam,
1019 3475 1131 3528 videtur
1150 3473 1177 3529 G
1194 3473 1271 3528 haud

139 3560 287 3614 dissimilis
315 3562 418 3616 codicis
447 3561 553 3617 Catulli
579 3562 699 3630 Dutani,
729 3561 758 3615 in
794 3578 849 3632 quo
878 3560 1015 3631 quasdam
1042 3559 1176 3630 egregiae
1204 3559 1272 3613 fidei

140 3647 281 3728 lectipnes
299 3647 435 3718 inachiae,
454 3648 525 3702 alias
544 3665 607 3702 eum
625 3647 745 3702 audacia
758 3647 954 3717 interpolatas,
971 3651 1004 3700 nt
1017 3651 1111 3699 tamen
1123 3645 1171 3698 ille
1184 3645 1272 3698 codex

140 3733 228 3802 longe
246 3733 359 3803 saepius
378 3733 415 3788 sit
431 3733 596 3788 immutatus
614 3732 751 3787 Italorum
770 3732 888 3787 arbitrio
912 3748 996 3801 quam
1017 3731 1070 3786 hie.
1106 3730 1200 3784 Etiam
1218 3730 1272 3785 hoc

138 3835 291 3874 commune
313 3820 427 3890 utrique
449 3820 531 3889 libro,
559 3819 634 3891 quod
660 3819 856 3873 emendatores
880 3817 1041 3888 quicunque
1064 3817 1181 3870 fuerunt
1208 3833 1272 3870 eum

139 3903 219 3957 haud
246 3921 339 3974 pauca
365 3912 394 3960 et
420 3923 453 3960 ex
479 3912 561 3976 parte
588 3905 736 3959 sanissima
762 3909 965 3974 temptassent,
991 3903 1039 3956 vix
1061 3906 1157 3955 tamen
1179 3901 1272 3956 rarius

138 3989 321 4059 ineptissima
340 4007 470 4062 quaeque
488 3990 606 4045 mirifica
624 3993 715 4045 tulere
733 3989 918 4060 indulgentia.

212 4075 232 4146 ²)
254 4075 297 4131 cf.
315 4077 404 4146 praef.
424 4077 460 4131 ad
478 4077 563 4148 Prop.
582 4095 628 4147 pg.
648 4077 687 4129 X:
705 4076 760 4130 Est
778 4081 854 4130 certe
873 4075 1005 4143 omnium,
1023 4073 1072 4144 qui
1089 4073 1146 4126 iam
1164 4077 1271 4140 extant,

138 4162 227 4232 longe
246 4161 377 4232 optimus,
394 4162 423 4215 id
442 4162 519 4232 qnod
536 4161 618 4217 nobis
637 4163 770 4232 apparuit
789 4163 881 4216 denuo
900 4161 1033 4215 instituta
1049 4158 1215 4224 collatione;
1242 4162 1272 4212 ct

136 4248 238 4317 paullo
257 4247 345 4302 infra:
363 4247 544 4319 Descriptum
563 4265 625 4302 esse
642 4249 745 4303 librum
765 4265 797 4302 ex
815 4248 878 4318 ipso
896 4247 1053 4316 archetypo
1071 4244 1138 4298 mihi
1157 4243 1272 4315 quidem

138 4333 257 4388 videtur
274 4333 351 4388 haud
368 4333 564 4405 improbabile.
