3275 4984
636 445 844 506 -73-

169 607 219 687 II,
246 616 271 684 1,
295 610 432 686 273111,
457 615 503 691 16,
527 617 582 687 56,
608 615 655 689 17,
679 615 710 686 33
736 615 786 695 23,
809 616 843 686 5,
870 615 916 691 19,
941 615 997 690 273
1030 615 1078 690 24,
1103 617 1138 685 4;
1170 613 1219 690 33,
1245 614 1300 684 11;

169 710 230 792 IV,
255 719 281 792 7,
306 716 362 787 27;
389 718 436 796 15,
462 717 518 795 13;
543 719 596 794 15;
619 715 657 793 V,
681 719 709 796 7,
735 717 782 777 17.
848 760 854 772 .

262 832 352 909 Quas
375 833 497 898 formas
519 852 585 897 non
611 832 819 897 librariorum
852 833 960 898 studio
990 831 1131 914 quodam
1164 831 1301 914 antiqui·

172 934 267 1011 tatis,
298 934 357 1001 sed
387 935 452 1018 ipsi
483 935 660 1019 archetypo
692 942 724 1000 et
754 935 967 1018 Propertiano
1000 936 1076 1001 51115
1107 932 1299 1000 tribuendas

169 1056 256 1112 esse,
279 1038 537 1104 luculentissime
559 1057 631 1103 cum
655 1037 792 1121 adparet
814 1057 855 1102 ex
869 1037 1136 1104 constantissimo
1155 1037 1300 1102 omnium
1418 1124 1422 1129 1

171 1139 324 1205 codicum
348 1148 522 1220 concentu,
553 1149 619 1206 tum
651 1160 691 1205 ex
713 1142 923 1206 Monumento
945 1143 1121 1224 Ancyrano
1145 1141 1192 1220 (O.
1215 1140 1243 1205 J.
1265 1140 1300 1203 L.

172 1244 202 1318 Ι,
234 1263 287 1326 pg.
312 1247 494 1324 roa-7993
523 1245 570 1310 ef.
593 1246 772 1309 Mommsen
813 1243 857 1308 ad
879 1244 965 1310 Mon.
988 1244 1107 1328 Ancyr.
1138 1264 1191 1327 pg.
1216 1247 1297 1325 176),

168 1365 238 1427 quo
253 1348 363 1411 omnia
376 1347 558 1412 numeralia
573 1367 699 1430 per-ns
715 1346 839 1430 scripta
852 1352 991 1426 exstant,
1014 1346 1127 1427 qualia
1139 1346 1302 1427 quotiens-

174 1468 321 1531 cumque,
352 1448 493 1524 deciens,
524 1450 659 1525 viciens,
690 1449 843 1527 milliens,
874 1449 971 1513 simil.
1014 1449 1085 1512 Huc
1108 1447 1298 1514 referendus

174 1560 225 1618 est
247 1552 344 1618 locus'
360 1554 439 1617 Mar.
466 1552 622 1620 Victorin.
653 1553 714 1631 Vl,
746 1557 799 1627 24,
831 1556 956 1632 23555
988 1550 1145 1616 adverbia
1176 1569 1249 1615 cum
1277 1571 1298 1614 n

169 1655 356 1735 scribenda,
379 1656 529 1737 quotiens
552 1655 683 1720 deciens
707 1655 827 1720 totiens
851 1661 883 1719 et
901 1653 1025 1720 similia
1038 1673 1096 1737 per
1118 1673 1296 1717 numerum.

258 1792 354 1856 Hanc
377 1797 486 1856 tamen
510 1790 675 1856 scribendi
705 1790 974 1856 consuetudinem
1002 1810 1068 1854 non
1090 1790 1125 1853 in
1149 1790 1298 1856 omnibus

171 1893 341 1960 adverbiis
364 1894 592 1959 numeralibus
619 1892 676 1959 sed
707 1893 742 1957 in
765 1893 886 1958 totiens
913 1893 1065 1974 quotiens
1088 1899 1214 1956 tantum
1238 1912 1299 1957 551-

173 2003 287 2062 vatam
311 2017 384 2063 esse
406 2003 545 2062 testatur
568 1998 674 2080 Caper
696 1995 737 2060 de
759 1997 901 2078 orthogr.
923 1996 1001 2072 VII,
1032 1999 1088 2075 85,
1121 2000 1155 2060 8;
1187 1995 1298 2060 omnia

169 2101 332 2165 adverbia
355 2101 481 2164 numeri
504 2100 620 2166 sinen
643 2098 818 2165 scribenda
846 2105 936 2178 sunt,
966 2103 1002 2161 ut
1032 2097 1141 2163 milies
1173 2098 1297 2163 centies

171 2202 301 2282 decies3
331 2199 481 2284 quotiens
513 2203 632 2268 totiens
663 2221 720 2284 per
749 2222 771 2264 n
800 2200 975 2287 scribenda
998 2207 1082 2265 sunt.
1126 2204 1298 2265 Praeterea

167 2306 213 2369 of.
236 2306 394 2371 Priscian.
417 2306 457 2386 11,
482 2311 530 2378 77,
556 2311 609 2384 15;
642 2309 690 2381 78,
714 2309 769 2381 22;
793 2305 843 2381 88,
870 2309 921 2382 17;
953 2302 994 2367 de
1016 2303 1068 2384 fig.
1091 2321 1298 2368 numerorum

168 2409 215 2482 II,
240 2415 310 2472 415.
335 2447 373 2454 -
396 2407 598 2483 Brambach,
621 2407 641 2470 l.
665 2407 693 2487 l,
716 2427 769 2489 pg.
792 2411 863 2472 269.

261 2530 355 2608 Quae
378 2549 450 2593 cum
472 2530 520 2593 ita
536 2530 609 2604 sint,
631 2548 696 2593 non
711 2534 768 2604 est,
791 2547 848 2592 our
864 2527 1018 2591 miremur
1037 2545 1110 2590 cum
1125 2524 1298 2592 videamus
1355 2525 1357 2529 ’

170 2633 322 2698 omnium
346 2632 494 2697 codicum
517 2631 579 2694 fide
603 2631 684 2712 legi:

379 2735 489 2800 decies
513 2739 540 2813 2,
564 2741 593 2813 4,
617 2739 656 2799 26

167 2816 267 2904 cuins
290 2837 414 2903 formae
437 2837 705 2920 orthographiam
728 2834 864 2919 perinde
887 2853 925 2898 ae
949 2833 1068 2899 totiens
1083 2834 1233 2915 quotiens
1256 2832 1297 2899 de

167 2943 306 3008 testium
329 2961 428 3024 supra
451 2940 622 3005 allatorum
647 2939 842 3003 auctoritate
869 2957 910 3001 ex
932 2936 1004 3019 ipso
1028 2936 1206 3020 archetypo
1229 2955 1300 3018 pro-

170 3047 294 3110 fectam
318 3063 390 3110 esse
413 3043 548 3108 confido.

1210 3109 1223 3134 ,

261 3165 389 3253 Deinde
412 3165 555 3229 litteram
577 3184 599 3227 n
622 3179 855 3245 saepenumero
880 3165 912 3223 et
934 3157 1052 3224 mediis
1075 3159 1110 3223 in
1124 3157 1294 3223 vocabulis

166 3277 204 3334 et
236 3270 271 3333 in
304 3289 413 3334 eorum
444 3268 532 3332 exitu
564 3273 639 3330 ante
666 3285 681 3330 s
712 3264 869 3329 adversus
899 3262 1126 3344 expolitionem
1147 3282 1296 3327 normam

168 3373 294 3438 rustico
318 3390 466 3436 sermone
489 3390 524 3435 55
546 3369 747 3446 insinuasse,
779 3366 939 3449 exemplis
961 3365 1066 3448 ipsius
1088 3364 1297 3447 antiquitatis

168 3475 335 3540 evincitur
358 3495 377 3537 a
400 3471 637 3538 Schuchardtio
661 3472 695 3547 I,
727 3489 779 3552 pg.
809 3473 869 3532 112
897 3467 1150 3549 diligentissime
1173 3486 1298 3549 compo·
1420 3487 1422 3490 ·

167 3578 255 3644 sitis.
301 3576 425 3655 Quibus
448 3576 597 3640 conteras
627 3573 725 3638 velim
757 3572 882 3638 similes
911 3571 1002 3636 locos
1026 3571 1120 3650 Verg.
1148 3569 1296 3634 codicum

169 3682 206 3746 in
219 3680 393 3746 Ribbeekii
411 3678 477 3742 ind.
491 3698 545 3768 pgr.
567 3697 619 3769 pg.
643 3681 703 3742 434
723 3674 973 3740 accuratissima
996 3680 1066 3737 arte
1088 3673 1243 3738 collectos
1265 3681 1297 3737 et

169 3784 233 3851 sub
258 3789 466 3866 conspectum
488 3781 613 3864 positos
636 3779 750 3861 quales
772 3779 946 3859 Agragans
969 3777 1009 3850 ll,
1034 3777 1112 3838 Aen.
1135 3776 1198 3856 111,
1223 3781 1295 3852 703;

170 3887 307 3952 Pallans
336 3888 422 3966 Vgt
449 3886 529 3948 Aen.
559 3883 652 3960 VIII,
688 3887 765 3960 104;
796 3879 930 3944 flectens
961 3879 1012 3957 M,
1041 3897 1090 3959 ge.
1118 3877 1193 3959 1111,
1218 3883 1295 3951 3992

168 3991 359 4055 formonsus
382 3987 520 4066 APRb,
544 4005 591 4067 ge.
615 3986 673 4059 III,
697 3989 758 4048 219
782 3983 822 4047 51.
846 3982 960 4057 simil,
990 4000 1031 4044 ex
1054 3980 1193 4046 diversis
1216 4000 1295 4046 sane

166 4092 392 4177 etymologiae
416 4090 543 4171 legibus
565 4087 711 4170 profecti.
757 4085 804 4152 ef.
830 4085 1123 4166 eorssen.21,pg.
1147 4088 1217 4147 255.

257 4214 308 4277 Ex
330 4211 433 4277 nostri
456 4209 587 4291 quidem
609 4214 725 4291 poetae
749 4205 917 4271 codicibus
932 4205 1087 4269 intereas
1103 4202 1294 4267 referendae

164 4324 247 4383 sunt
270 4317 409 4382 formae:
