3275 4984
623 447 834 507 -19..

180 651 181 656 κ
251 615 366 678 Restat
392 615 427 677 in
451 612 681 678 enumerandis
711 613 840 695 graecis
863 613 1013 694 casibus,
1036 619 1072 677 ut
1094 612 1289 678 accedamus

156 714 208 778 ad
240 716 376 780 nomina
406 717 479 781 fem.
504 735 575 799 gen.
599 715 704 800 primo
735 735 813 780 casu
844 715 908 780 ino
931 717 1094 780 exeuntia.
1147 716 1291 793 Quorum

159 819 397 883 vocabulorum
422 820 485 884 etsi
508 819 679 901 genetivus
702 818 896 901 pervulgata
918 818 1051 900 linguae
1074 818 1199 883 latinae
1223 838 1295 884 con-

157 921 339 986 suetudine
371 920 549 988 seeundum
579 940 718 1004 graecae
756 919 988 1002 declinationis
1017 921 1178 987 rationem
1208 923 1292 988 in-us

158 1017 330 1105 formatur,
354 1025 580 1108 Propertianis
610 1031 719 1089 tamen
743 1023 877 1107 optimis
903 1024 980 1088 libb.
1003 1044 1078 1091 mss.
1109 1046 1168 1108 par
1190 1027 1292 1090 norni-

157 1127 276 1192 nativc
301 1127 487 1192 exhibetur:

250 1230 360 1294 ratis
384 1231 490 1311 Argo
514 1229 626 1305 dux¹l
649 1235 680 1310 3,
702 1235 750 1311 26,
774 1234 813 1294 39
829 1229 1076 1311 ArgoNFDV
1093 1216 1170 1313 crgo
1185 1233 1254 1296 Fm.
1270 1233 1289 1295 l.

248 1333 330 1396 Mihi
361 1332 491 1414 quidem
523 1351 595 1397 cum
626 1332 852 1413 Lachmanno,
888 1332 1029 1408 Jacobo,
1065 1333 1288 1416 Hertnbergio,

159 1433 284 1517 Keilio,
316 1435 469 1516 Hauptic,
499 1436 534 1498 L.
557 1435 702 1514 Mallem,
731 1435 933 1500 Baehrensio
960 1434 1116 1501 adversus
1139 1436 1288 1502 codicum

152 1537 435 1602 consentientium
459 1538 654 1620 scripturam
671 1537 817 1619 genetivi
840 1538 958 1602 forma:
981 1538 1114 1620 Argus
1137 1539 1171 1603 in
1195 1546 1299 1604 textu

157 1639 335 1722 probanda
357 1638 502 1721 videtur,
534 1660 630 1721 quam
654 1640 914 1704 commendatam
947 1639 1096 1706 videmus
1120 1663 1139 1705 a
1162 1641 1289 1708 Charis.

157 1761 214 1824 pg.
242 1748 292 1807 64.

250 1845 320 1909 Nec
342 1845 449 1910 minus
473 1845 508 1908 in
532 1845 720 1910 accusativo
748 1845 895 1910 eiusdem
923 1846 1122 1910 substantivi
1144 1847 1288 1912 nominis

155 1947 360 2030 optimarum
391 1948 653 2011 membranarum
693 1947 837 2012 omniurn
868 1947 1086 2030 apertissimis
1120 1949 1289 2032 scripturis

158 2051 359 2116 insolentior
381 2051 486 2115 forma
508 2049 626 2114 aeolici
649 2051 808 2115 sermonis
823 2048 1043 2114 declinatione
1057 2051 1145 2116 in-on
1169 2051 1291 2116 cadens

152 2159 287 2218 exstat:

251 2256 385 2337 Argon
418 2261 444 2339 1,
470 2261 519 2339 29,
552 2260 589 2319 17
613 2254 790 2320 NAFDV
813 2257 889 2319 Luc.
912 2255 1014 2337 Mtill,
1044 2257 1169 2337 Baehr,
1200 2257 1288 2338 Argo

156 2358 372 2424 accusativus
396 2377 476 2424 sane
491 2351 643 2423 usitatior
657 2356 814 2424 adversus
829 2357 930 2423 codd:
952 2358 1096 2438 Lacbm,
1120 2361 1290 2442 Hertnbrg.
1334 2426 1336 2429 .

159 2457 257 2537 Keil,
282 2458 400 2540 Haupt.

249 2560 396 2624 Aliorum
419 2560 543 2626 similia
554 2561 704 2644 exempla
720 2561 853 2642 collegit
864 2562 981 2641 Neue2,
1005 2562 1028 2624 Ι.
1053 2581 1128 2645 pgg.
1152 2567 1214 2627 314
1231 2583 1291 2644 so:

157 2663 275 2744 Argon
291 2662 385 2729 Ovid.
398 2663 472 2727 Her.
488 2668 515 2743 6,
539 2668 592 2745 65;
618 2668 665 2739 12,
688 2668 724 2745 9;
746 2662 857 2728 Didon
875 2664 951 2728 Her.
968 2670 995 2744 7,
1020 2670 1047 2745 7,
1073 2670 1147 2742 131,
1170 2665 1289 2747 Heron,

159 2765 234 2828 Am.
259 2769 287 2843 2,
312 2770 360 2845 61,
384 2770 441 2841 31;
465 2765 537 2842 Jcn,
560 2767 630 2830 Am.
653 2770 681 2847 2,
707 2771 755 2844 19,
778 2771 828 2831 29.

247 2867 420 2934 Ablativus
448 2867 596 2934 eiusdem
628 2868 757 2950 generis
782 2869 967 2944 nominum,
997 2889 1091 2950 quem
1114 2878 1231 2953 poetae
1253 2872 1287 2936 in

155 2970 353 3035 universum
388 2977 420 3034 et
454 2969 616 3052 pedestris
649 2971 808 3036 sermonis
846 2971 1021 3054 scriptores
1049 2972 1288 3056 devitaverunt,

160 3072 266 3138 semel
290 3072 377 3154 apud
399 3079 545 3138 nostrum
567 3079 697 3155 poetam
722 3073 877 3138 occurrit:

249 3173 268 3238 J
276 3195 294 3238 o
319 3179 350 3256 3,
375 3179 427 3256 30,
451 3179 504 3251 29,
529 3174 607 3238 item
630 3175 814 3241 vocativus:
838 3175 858 3240 J
867 3196 884 3240 o
909 3181 938 3260 3,
962 3181 1013 3259 33,
1037 3182 1064 3241 7.

703 3486 745 3550 Β.

256 3622 512 3699 Quaestionibus
529 3622 569 3686 de
583 3642 774 3704 graecorum
792 3644 926 3689 casuum
940 3624 1121 3706 frequentia
1135 3627 1178 3690 ad
1194 3627 1290 3692 finem

159 3723 350 3806 perductis,
374 3723 452 3806 quid
476 3724 516 3789 de
538 3725 700 3808 Propertii
722 3726 828 3791 latina
851 3726 1070 3792 declinatione
1092 3729 1289 3795 monendum

160 3827 219 3907 sit,
243 3826 309 3890 iam
332 3825 510 3892 videamus.

251 3928 324 3993 Huc
346 3929 450 4012 primo
482 3930 552 3995 loco
584 3929 694 3994 afferri
717 3930 816 3996 liceat
847 3931 1034 4012 genetivum
1058 3933 1177 4014 singul.
1201 3955 1287 3999 num.

161 4030 335 4096 nominum
349 4032 450 4098 inius
465 4033 813 4098 vellum-nominativo
830 4034 1027 4118 exeuntium,
1047 4055 1142 4117 quem
1154 4044 1290 4119 constat,

237 4235 257 4304 ¹)
279 4235 321 4290 Of.
342 4235 447 4306 Hygin.
466 4235 524 4290 fab.
545 4240 587 4289 14:
617 4237 792 4306 gubernator
810 4237 891 4292 navis
908 4237 1000 4308 Arg03
1030 4239 1186 4294 fabricator
1210 4242 1291 4294 navis

156 4321 252 4390 Argo.

1105 4413 1140 4462 2*
