3275 4984
640 391 851 450 ...45-

178 553 214 618 in
239 573 274 618 rc
297 562 423 619 tantum
446 555 550 634 abest,
581 560 616 618 ut
638 554 723 618 inter
745 553 902 619 barbaros
929 561 1042 618 natum
1061 553 1232 618 restituere
1254 570 1306 615 mc

177 676 276 738 posse
299 658 426 722 fortiter
456 656 617 722 confidam
648 657 752 740 ipsius
774 666 892 739 poetae
914 675 1055 737 manum,
1077 664 1114 720 ut
1140 656 1202 719 hac
1225 655 1306 720 artis

179 759 315 824 criticae
337 767 431 842 parte
461 769 537 825 ante
566 760 677 825 omnia
707 757 750 823 ad
784 759 899 825 amissi
927 758 1099 843 archetypi
1127 758 1306 840 imaginem

177 869 288 926 mente
317 863 412 927 nobis
445 861 712 927 conformandam
741 881 869 945 sperem
898 881 950 925 me
972 861 1211 944 aliquantulum
1234 880 1306 926 esse

177 963 363 1028 allaturum.
436 967 518 1029 Tum
558 965 728 1029 deficiente
770 963 919 1029 codicum
964 964 1152 1030 testimonio
1192 971 1306 1028 nostra

177 1065 329 1131 Minerva
349 1066 497 1132 iudicare
520 1067 605 1145 licet,
628 1067 707 1149 quid
731 1088 750 1131 a
773 1067 942 1149 scriptoris
957 1087 1056 1131 manu
1071 1067 1184 1132 venire
1199 1073 1307 1149 potue-

177 1167 230 1247 rit,
254 1188 316 1249 quo
340 1170 483 1252 corrupti
505 1169 569 1235 loci
592 1168 852 1234 emendarentur.

265 1270 329 1336 Sed
359 1272 427 1336 iam
456 1272 602 1354 singula,
640 1291 724 1356 quae
763 1271 994 1336 observatione
1024 1272 1167 1335 maxime
1203 1269 1306 1349 digua

180 1373 264 1437 mihi
286 1374 359 1438 visa
382 1381 465 1455 sunt,
488 1375 729 1457 perlustramus,
751 1381 787 1438 ut
809 1374 949 1440 sublatis
971 1380 1002 1439 et
1016 1374 1206 1452 emendatis,
1229 1379 1308 1455 quot

177 1483 258 1556 quot
288 1484 472 1550 occurrunt,
499 1497 657 1542 novarum
681 1475 862 1541 editionum
893 1477 985 1542 vitiis
1014 1477 1108 1543 simul
1138 1475 1306 1559 adpareat,

178 1585 304 1659 quanta
333 1579 556 1644 inconstantia
579 1586 766 1661 quantaque
795 1579 932 1644 licentia
962 1580 998 1644 in
1026 1580 1123 1644 rebus
1149 1579 1217 1643 illis
1239 1599 1305 1643 non

177 1687 246 1745 tam
270 1681 405 1746 minutis
429 1682 550 1748 versati
573 1681 639 1746 sint
661 1701 764 1763 usque
787 1681 829 1746 ad
843 1682 929 1746 hanc
952 1688 1093 1746 aetatem
1116 1681 1168 1746 vel
1191 1681 1306 1763 optimi

177 1777 352 1849 editores'

263 1886 367 1952 Prisci
397 1885 555 1951 sermonis
584 1886 752 1968 proprium
779 1892 862 1966 erat,
895 1906 913 1950 0
940 1886 1083 1950 litteram
1113 1887 1234 1969 ubique
1257 1907 1306 1951 ex-

147 1982 151 1990 '
176 1987 292 2053 hibere
314 1987 531 2071 praecedente
553 2009 573 2052 v
596 1989 648 2052 vel
670 2010 691 2053 u
714 1989 749 2052 in
772 1988 952 2067 vocabulis,
983 2008 1067 2070 quae
1088 1990 1305 2072 posteriorum

175 2091 372 2174 pervulgato
402 2109 490 2155 more
527 2091 704 2172 geminatis
734 2112 777 2156 uu
807 2091 926 2156 litteris
966 2091 1067 2156 scribi
1102 2091 1201 2157 solita
1231 2111 1305 2158 esse

175 2195 376 2260 testimoniis
400 2191 537 2277 adparet
567 2195 854 2275 grammaticorum
878 2194 995 2259 Oharis
1017 2213 1069 2276 pg.
1094 2201 1141 2274 75,
1166 2201 1199 2275 43
1235 2194 1305 2259 Vel.

174 2298 278 2380 Long.
301 2316 354 2380 pg.
377 2301 426 2377 58,
442 2303 475 2368 4:
509 2297 637 2365 Terent.
664 2298 774 2362 Scaur.
797 2300 924 2378 pg.'12,
941 2301 991 2360 20.
1030 2297 1127 2361 Marii
1143 2297 1305 2361 Victorini

174 2401 231 2480 VI,
254 2419 306 2483 pg⁴
332 2404 379 2479 13,
403 2403 437 2480 3,
463 2404 501 2462 14
525 2418 571 2480 sq.

274 2503 379 2580 Quam
416 2501 703 2566 commutationem
739 2507 775 2566 nt
805 2501 841 2565 in
877 2499 1144 2584 pronuntiandis,
1186 2501 1235 2565 ita
1269 2502 1304 2565 in

173 2604 359 2670 scribendis
400 2602 560 2669 eiusmodi
594 2604 703 2668 verbis
743 2623 808 2668 non
851 2603 959 2669 subito
1004 2600 1063 2668 sed
1103 2602 1303 2686 pedetentim

174 2708 300 2772 factam
324 2726 403 2780 esse,
426 2707 461 2770 in
484 2713 635 2789 promptu
657 2713 706 2772 est
727 2705 848 2771 videre.
894 2706 988 2771 Certe
1011 2705 1063 2787 (cf.
1078 2705 1253 2785 Coronen&
1280 2707 1305 2787 Ι,

176 2815 220 2876 73
245 2811 344 2893 sq.)1)
376 2829 479 2892 usquc
509 2808 551 2873 ad
573 2809 714 2891 Augusti
737 2815 878 2873 aetatem
908 2809 994 2873 iuter
1015 2814 1187 2888 utramque
1209 2810 1306 2892 scrip

176 3080 319 3134 sichere
348 3079 545 3134 Kriterium
582 3079 637 3132 die
666 3077 932 3148 Vergleichung
960 3095 1022 3132 aus
1052 3078 1146 3132 einer
1177 3079 1305 3148 (selbot

175 3166 363 3220 wiederum
378 3164 637 3235 abgeleiteten)
654 3163 1186 3228 OuellestammenderKodices
1204 3170 1304 3219 unter

176 3251 348 3306 einander.

246 3336 372 3390 Eandem
399 3335 428 3388 in
456 3333 581 3390 eiusdem
608 3334 773 3388 recentioris
801 3334 904 3387 aetatis
931 3334 1012 3388 libris
1040 3335 1115 3388 viam
1143 3337 1179 3389 ad
1209 3337 1303 3391 amissi

175 3423 326 3492 archetypi
344 3420 576 3491 orthographiam
593 3420 862 3490 repraesentandam
880 3419 1062 3489 sagacissime
1081 3423 1305 3477 commendatam
1332 3478 1335 3484 ,

173 3509 337 3578 nuperrime
364 3507 423 3560 vidi
449 3507 486 3561 ab
510 3506 633 3560 Henricc
658 3505 752 3560 Keilio
778 3505 807 3558 in
832 3504 1025 3575 disputatione
1052 3506 1087 3560 de
1112 3506 1193 3560 libris
1219 3525 1304 3563 manu

175 3594 293 3664 scriptis
312 3593 430 3647 Catonis
449 3593 484 3647 de
502 3592 564 3663 agri
583 3593 703 3656 cultura,
721 3591 785 3644 Hal.
803 3591 860 3644 ind.
880 3590 965 3644 schol.
986 3594 1049 3644 1882
1067 3609 1114 3661 pg.
1133 3592 1176 3645 XI
1194 3610 1236 3663 sq.

250 3680 270 3748 ¹)
288 3678 369 3733 Idem
391 3695 558 3747 persuasum
577 3685 621 3732 est
639 3676 838 3737 Brambachio,
857 3679 874 3730 l.
894 3676 910 3730 1.
929 3694 976 3746 pg.
996 3681 1040 3730 88:
1070 3676 1138 3730 Man
1164 3678 1241 3731 kann
1258 3679 1305 3732 fiir

175 3766 232 3820 den
250 3765 371 3818 Process
391 3763 441 3817 des
458 3763 625 3818 Umlautens
643 3779 700 3816 von
717 3761 769 3817 VO
782 3780 819 3815 zu
833 3761 887 3816 VV
900 3762 945 3816 ein
956 3761 1151 3817 Jahrhnndert
1169 3767 1244 3817 724-
1254 3769 1304 3818 824

175 3851 228 3904 der
256 3849 341 3904 Stadt
372 3849 455 3918 (etna
484 3865 540 3902 von
567 3847 724 3918 Augustus’
750 3846 1036 3917 Regiorungsanfang
1060 3847 1105 3901 bis
1132 3848 1303 3921 Vespasian)

175 3936 348 3998 annehmen,
384 3939 447 4002 etc,
481 3951 528 4004 pg.
565 3937 611 3986 97:
655 3933 710 3987 Die
745 3933 955 3988 Grammatiker
997 3933 1047 3986 der
1078 3933 1304 3990 Hadrianischen

177 4021 242 4075 Zeit
271 4020 358 4074 sehen
385 4019 437 4073 auf
461 4019 506 4072 die
534 4019 711 4088 Schneibung
738 4019 789 4074 VO
814 4018 857 4072 als
878 4018 931 4072 auf
951 4017 1015 4072 eine
1036 4020 1101 4082 alte,
1124 4020 1203 4075 nicht
1225 4022 1304 4076 mehr

174 4105 291 4160 iibliche
308 4105 366 4159 hin.
404 4104 445 4159 cf,
464 4104 695 4172 Kruczkiewicz,
714 4103 806 4158 Wicn.
826 4104 916 4169 Stud,
934 4107 958 4156 2.
976 4104 1028 4157 Bd.
1050 4108 1121 4170 1880,
1140 4110 1304 4178 pg.135sq.

174 4192 293 4262 „Ueber
322 4191 368 4244 die
395 4190 522 4260 Geltung
551 4189 600 4243 des
628 4189 867 4245 Schriftzeichens
893 4188 945 4244 VO
974 4189 1033 4242 und
1059 4190 1109 4244 des
1135 4191 1186 4246 mit
1213 4193 1303 4248 eincm

173 4277 436 4332 honsonantischen
454 4274 480 4330 V
498 4274 708 4330 schliessenden
726 4275 965 4331 Schriftzeichens
988 4273 1040 4329 OV
1063 4276 1092 4329 in
1110 4276 1159 4330 der
1178 4278 1303 4348 Sprache
