3275 4984
775 390 988 449 ..52-

318 553 400 618 satis
432 559 543 618 notum
575 560 641 637 est,
674 553 796 620 talibus
828 554 1008 638 scripturae
1040 554 1243 638 compendiis
1273 555 1453 620 etiamtum

317 656 463 721 caruisse
475 659 507 731 1).

405 758 470 823 Sed
493 779 565 823 oum
590 759 689 823 etiarn
711 759 746 828 in
770 757 883 824 oodioe
905 760 937 824 N

361 861 482 927 nostris
514 866 541 939 1,
587 867 614 939 5,
659 866 731 944 9p.
755 881 794 925 m.
818 854 935 927 votis'
954 881 1016 928 seo.

361 971 474 1029 nostra
519 969 547 1039 3,
570 968 619 1043 25,
643 969 683 1028 40
707 964 864 1029 Frestra
885 964 953 1027 DV

362 1073 491 1132 nostros
515 1073 543 1147 5,
569 1072 615 1141 11,
638 1071 680 1130 42
702 1073 829 1132 vestros
851 1066 953 1131 FDV
976 1066 1029 1131 Gr.

319 1169 481 1252 seriptura
499 1172 646 1249 „noster‘
659 1169 863 1252 praebeatur,
886 1169 943 1234 ubi
955 1187 1134 1252 pronomen
1148 1176 1258 1234 voster
1272 1169 1453 1233 verborum

319 1271 502 1336 sententiae
535 1271 639 1337 solum
663 1271 832 1354 convenit,
865 1271 950 1335 hano
976 1271 1209 1353 probabilitate
1238 1290 1304 1335 non
1334 1290 1456 1336 carere·

320 1373 546 1440 existimamus
562 1373 768 1454 sententiam,
789 1373 960 1438 librarium
969 1373 1094 1439 oodiois
1107 1375 1145 1452 N,
1168 1380 1204 1438 ut
1213 1373 1349 1454 reliquis
1364 1374 1456 1438 louis-

320 1476 491 1561 arehetypi
505 1476 787 1558 orthographiam:
810 1483 920 1541 voster
934 1475 976 1540 ad
999 1497 1079 1542 suae
1100 1476 1219 1541 aetatis
1241 1475 1456 1540 usitatiorem.

320 1586 428 1646 vester
451 1599 523 1644 oum
548 1579 734 1643 constantia
756 1568 898 1663 quadam
920 1572 1141 1660 revocaveritj
1170 1578 1219 1642 ita
1241 1577 1323 1642 loeis
1346 1598 1447 1660 supra

321 1683 432 1748 allatis
448 1682 551 1747 tribus
566 1680 782 1746 similitudine
797 1682 863 1746 VN
875 1681 1057 1746 litterarum
1070 1681 1242 1763 dereptum
1255 1684 1279 1758 2)
1294 1679 1447 1761 neglecta

319 1805 399 1851 sane
428 1800 580 1850 versuum
603 1783 767 1849 sententia
790 1767 904 1848 eontra
926 1781 1031 1866 ipsius
1063 1785 1265 1848 voluntatem
1288 1781 1352 1846 duo
1375 1801 1446 1863 gra-

320 1887 457 1954 vissima
479 1887 607 1969 priseae
630 1885 846 1952 vetustissimi
873 1885 997 1951 eodieis
1024 1886 1281 1970 orthographiae
1303 1885 1446 1966 vestigia

319 1990 499 2072 reliquisse,
522 1996 558 2053 ut
580 1989 632 2054 his
655 2007 782 2070 quoque
805 1986 940 2054 indiciis
962 1988 1144 2053 eommunis
1160 1987 1310 2053 eodioum
1324 1995 1445 2053 nostro

207 2119 209 2127 s
317 2114 388 2158 rum
413 2092 504 2174 origo
529 2091 645 2160 mirum
669 2092 704 2154 in
727 2089 858 2155 modum
882 2091 1096 2155 confirmetur.

403 2196 495 2273 Quae
518 2214 590 2260 oum
612 2194 661 2258 ita
683 2194 757 2269 sint,
781 2194 809 2258 si
831 2201 920 2258 reete
934 2194 1108 2258 statuimus
1127 2213 1191 2258 non
1208 2192 1313 2258 solum
1326 2198 1445 2276 poetae

318 2299 423 2383 ipsius
446 2305 554 2363 aetate
577 2295 636 2364 sed
658 2297 894 2380 posterioribus
917 2297 1017 2360 etiam
1033 2297 1233 2379 temporibus
1256 2295 1291 2359 in
1314 2295 1444 2377 vulgari

321 2420 468 2468 sermone
491 2407 654 2468 servatam
684 2400 770 2464 hano
799 2401 942 2482 priscam
965 2397 1202 2482 pronuntiandi
1225 2405 1257 2462 et
1280 2396 1446 2463 seribendi

321 2505 481 2569 rationem
505 2523 578 2569 oum
605 2504 640 2567 in
669 2502 838 2568 nonnullis
864 2502 941 2568 aliis
971 2501 1134 2568 eiusmodi
1160 2500 1348 2577 vocabulis,
1377 2507 1448 2564 tum

321 2607 356 2672 in
378 2606 569 2691 pronomine
591 2625 678 2688 poss.
703 2605 743 2670 ΙΙ.
766 2625 850 2688 pers.
864 2605 1165 2688 latiuspatuisseb
1178 2624 1244 2668 non
1259 2602 1457 2668 dubitamus.

393 2810 414 2878 ¹)
434 2808 635 2878 Wattenbaeh,
653 2807 810 2878 Anleitung
827 2826 878 2862 zur
895 2808 944 2862 lat.
963 2802 1189 2878 Palaeographie
1205 2824 1253 2876 pg.
1272 2806 1450 2876 lithographi

323 2902 385 2951 arte
410 2912 543 2966 expressa
565 2899 611 2948 20:
636 2895 670 2947 In
694 2894 750 2948 den
773 2894 894 2948 meisten
911 2891 1298 2948 Maiuskel·Handsehriften
1315 2892 1449 2945 kommen

322 2983 406 3036 keine
423 2981 638 3052 Abkiirzungen
657 2998 716 3048 vor,
734 2997 955 3050 ausgenomrnen
973 2997 1018 3033 am
1035 2979 1115 3032 Ende
1134 2979 1184 3032 der
1202 2977 1310 3046 Zeilen,
1334 2995 1376 3030 wo
1395 2977 1450 3030 der·

323 3069 414 3123 Raum
431 3068 509 3122 nicht
528 3067 687 3121 ausreiehte
706 3072 759 3120 ete.
799 3095 804 3104 ·

394 3155 415 3224 ²)
435 3153 562 3207 Eundem
568 3153 747 3207 librariorum
755 3150 927 3222 coddVerg.
938 3167 1061 3204 errorem
1071 3149 1257 3220 perlustravit
1263 3147 1448 3210 Ribbeekiuss

323 3239 454 3310 Prolegg.
475 3237 567 3308 Verg.‚
585 3257 613 3308 p.
633 3241 697 3291 251:
716 3237 743 3293 N
762 3236 870 3306 scripta
888 3253 940 3306 pro
960 3236 985 3290 V
1002 3235 1032 3288 in

322 3326 352 3378 in
370 3326 419 3380 ecl.
440 3323 467 3376 X
486 3327 518 3377 32
536 3323 650 3392 vostris)
671 3323 837 3379 NOSTRIS
856 3323 885 3375 in
902 3323 927 3375 P
972 3359 978 3377 t

322 3411 413 3481 inge.
433 3410 447 3463 I
468 3413 497 3462 ll
517 3408 622 3478 ovium)
643 3409 770 3465 ONIUM
788 3407 817 3461 in
835 3408 866 3460 M

322 3497 352 3549 in
369 3497 441 3550 Aen.
461 3494 489 3548 X
507 3499 556 3547 417
577 3500 690 3560 caveus)
710 3493 864 3549 CANENS
882 3493 912 3545 in
929 3491 1063 3559 MPRybo

392 3582 413 3653 ³)
434 3581 477 3636 Cf.
498 3579 615 3645 Quintil.
641 3585 667 3644 1,
693 3585 722 3644 7,
747 3584 787 3634 25,
823 3580 973 3636 Annaeum
997 3577 1112 3632 Cornut.
1137 3575 1212 3646 apud
1237 3575 1364 3629 Cassiod.
1383 3572 1459 3638 V11,.

324 3672 381 3737 149,
401 3672 446 3721 16;
465 3667 570 3721 Vestra
589 3666 653 3719 olim
671 3666 712 3720 ita
730 3682 781 3736 por
794 3683 819 3734 ο,
837 3665 921 3718 hodie
939 3679 1029 3734 pere,
1047 3669 1080 3717 ut
1097 3662 1219 3716 advorsa
1237 3662 1365 3728 adversa,
1387 3676 1461 3729 per·

325 3771 410 3807 uorsa
427 3769 570 3822 perversa,
595 3757 695 3804 votare
713 3757 819 3818 vetare,
843 3756 944 3804 vortex
967 3756 1078 3813 vertex,
1102 3747 1262 3801 convollere
1281 3745 1451 3814 convellere,

325 3840 497 3908 amploctere
516 3838 748 3907 amplecte1·e.--
765 3836 831 3889 Huc
855 3834 1006 3889 referenda
1031 3839 1098 3886 sunt
1122 3849 1196 3903 quae
1217 3838 1315 3885 monet
1331 3830 1459 3884 Bram*

324 3925 483 3988 bachius,
509 3941 556 3992 pg.
583 3927 644 3974 102:
672 3922 740 3974 Man
764 3922 831 3975 darf
852 3922 985 3974 indessen
1003 3937 1054 3973 aus
1073 3919 1178 3972 diesem
1196 3918 1296 3984 Reste‚
1324 3916 1451 3987 welchen

324 4010 374 4063 wir
391 4027 448 4064 von
466 4009 520 4062 den
538 4007 770 4061 wahrsoheinlich
788 4006 1000 4060 ausfiihrlichen
1019 4003 1217 4059 Vorschriften
1235 4004 1285 4057 des
1306 4002 1451 4057 Cornutus

326 4095 455 4150 erhalten
480 4095 590 4162 haben,
617 4093 695 4146 nieht
722 4092 890 4157 sohliessen,
917 4093 983 4145 dass
1010 4091 1062 4144 das
1089 4090 1112 4145 Ο
1139 4090 1177 4142 im
1206 4093 1228 4142 1.
1254 4088 1462 4143 lahrhunderr

324 4201 351 4235 n.
383 4181 446 4235 Chr.
482 4179 671 4233 vollkommen
705 4179 955 4248 auriiekgedriingt
988 4192 1119 4246 gewesen
1151 4178 1234 4228 wilre.
1293 4173 1462 4232 Praeterea.

325 4268 361 4323 cf.
381 4265 622 4329 Schuchardt,
646 4264 688 4333 ΙΙ,
711 4283 757 4334 pg.
784 4269 846 4320 216:
870 4265 904 4317 In
925 4257 1053 4333 wenigen
1080 4261 1171 4315 dieser
1189 4259 1307 4314 Wbrter
1326 4260 1417 4330 drang
1435 4277 1462 4313 e.
