3275 4984
806 410 996 469 ..6.-

425 573 568 650 Quorum
594 571 633 637 de
655 571 719 636 fide
748 571 790 636 ad
814 573 977 638 sinceram
1003 582 1120 660 poetae
1150 577 1324 642 lectionem
1347 579 1464 644 consti·

339 674 495 741 tuendam
518 695 601 758 quae
624 695 697 739 mea
720 675 763 741 sit
792 677 956 742 sententia
981 678 1049 743 iam
1071 678 1214 743 breviter
1236 681 1356 763 exponi
1378 680 1464 746 licet.

428 779 508 844 Cum
532 779 677 860 graviter
700 779 843 862 corrupti
874 780 940 844 sint
962 780 1012 845 illi
1040 781 1170 846 codices
1192 784 1221 845 Α
1238 783 1265 845 P
1281 784 1308 848 V
1324 784 1353 846 D
1377 783 1464 848 addi·

340 883 494 948 tamentis
518 881 658 946 noviciis
681 879 770 945 haud
793 882 908 963 paucis
931 882 1091 964 quidquid
1113 904 1272 949 nouarum
1286 885 1461 950 lectionum

253 1017 256 1024 ·
338 984 560 1050 Baehrensius
590 1003 630 1048 ex
657 984 725 1050 suis
751 983 845 1049 libris
875 1004 952 1050 mss.
984 985 1095 1066 affert,
1132 986 1167 1051 id
1197 988 1464 1072 interpolationis

341 1088 483 1170 speciem
507 1087 668 1152 concedas
700 1086 893 1170 saepissime
915 1107 994 1170 prae
1016 1107 1052 1153 sc
1075 1089 1158 1154 ferre
1188 1090 1240 1154 vel
1263 1097 1368 1155 ortum
1392 1109 1465 1156 esse

339 1210 356 1254 e
379 1189 587 1256 coniectandi
609 1189 717 1255 studio
741 1189 841 1254 nimis
860 1189 987 1254 audaci.
1032 1191 1126 1268 Quod
1141 1212 1239 1273 quam
1255 1194 1377 1276 optimo
1393 1195 1464 1258 iure

341 1299 455 1358 contra
484 1292 679 1358 Baehrensii
716 1291 894 1357 editionem
923 1292 967 1357 sit
1000 1294 1202 1376 propositum
1233 1316 1299 1361 non
1331 1303 1392 1372 est,
1407 1316 1465 1361 cur

340 1395 543 1478 singulorum
573 1396 717 1460 locorum
744 1395 943 1461 testimoniis
971 1395 1245 1479 demonstremus,
1273 1398 1346 1464 dum
1375 1399 1462 1464 Frid.

338 1499 413 1575 Leo,
429 1499 627 1579 MusRhen,
643 1505 717 1563 tom.
735 1499 869 1579 XXXV,
884 1517 960 1581 pgg.
975 1505 1034 1562 441
1051 1519 1119 1581 sqq.
1127 1501 1162 1564 in
1181 1503 1464 1583 commentatione,

339 1621 422 1684 qnae
449 1602 642 1668 inscribitur
672 1600 863 1682 „Vindiciae
886 1602 1138 1684 Propertianae‘
1168 1605 1342 1680 novissimi
1373 1605 1463 1670 illius

337 1703 472 1770 editoris
503 1705 666 1770 erroribus
700 1703 876 1786 patefactis
905 1703 982 1768 libri
1011 1706 1224 1788 Neapolitani
1259 1708 1391 1772 unicam
1429 1716 1461 1771 et

337 1808 486 1873 meritam
518 1807 614 1872 fidem
648 1807 825 1872 virtutibus
861 1807 968 1889 ipsius
999 1807 1123 1873 codicis
1154 1828 1227 1873 cum
1265 1809 1463 1876 lectionibus

338 1911 493 1976 APVD
529 1911 686 1975 librorum
717 1929 791 1985 mss,
831 1910 1030 1992 comparatis
1062 1911 1278 1992 sagacissimo
1310 1911 1462 1995 ingensio

337 2012 443 2078 denuo
467 2012 771 2096 comprobaverit1).
1337 2061 1344 2073 ‚

420 2116 463 2180 tr
481 2116 563 2180 mihi
582 2115 722 2197 quidem,
751 2134 950 2198 quamquam
964 2115 1040 2179 Luc.
1055 2115 1192 2181 Mtillero
1207 2123 1239 2180 et
1253 2116 1341 2181 Frid.
1354 2119 1464 2182 Leone

337 2219 524 2284 auctoribus
551 2219 670 2283 librum
701 2216 955 2300 Neapolitanum
991 2225 1123 2300 propter
1151 2218 1303 2284 lectionis
1334 2219 1465 2302 integri·

337 2327 437 2386 tatem
447 2326 471 2401 ²)
502 2323 644 2386 omniurn
676 2320 907 2402 dignissimum
937 2320 1103 2401 existimo,
1142 2339 1182 2384 ex
1213 2341 1276 2402 quo
1302 2323 1464 2405 Propertii

337 2423 516 2505 elegiarum
543 2425 689 2489 recensio
712 2423 951 2506 proficiscatur,
986 2429 1096 2487 tamen
1123 2422 1240 2505 reliqui
1263 2424 1458 2490 Baehrensii

339 2525 478 2606 codices,
501 2547 582 2608 quos
604 2527 669 2591 Leo
692 2525 714 2589 l.
738 2526 757 2590 l.
779 2545 846 2590 non
875 2525 947 2590 sine
969 2525 1039 2589 irae
1061 2531 1093 2590 et
1116 2525 1217 2591 studii
1241 2527 1377 2591 crimine
1400 2547 1461 2592 om-

336 2630 415 2694 nino
445 2630 619 2711 quicquam
650 2628 760 2694 valere
791 2635 900 2710 negat,
937 2647 1009 2692 cum
1043 2629 1109 2694 sint
1145 2628 1260 2694 eadem
1295 2630 1362 2694 fere
1398 2650 1463 2712 qua

338 2733 578 2815 Neapolitanus
610 2738 719 2796 aetate
746 2731 939 2814 conscripti,
969 2731 1004 2794 in
1036 2738 1189 2797 contextu
1217 2731 1259 2796 ad
1288 2733 1461 2816 pristinam

337 2836 506 2920 archetypi
544 2834 811 2918 orthographiam
850 2832 1034 2898 revocando
1070 2854 1277 2916 nequaquam
1312 2835 1463 2901 videntur

336 2938 434 3021 plane
458 2936 696 3002 contemnendi.
740 2937 903 3002 Praebent
917 2937 1004 3001 enim
1027 2937 1081 3001 hic
1095 2937 1172 3018 illic,
1195 2937 1282 3020 quod
1304 2938 1339 3003 in
1361 2939 1462 3004 verba

406 3108 427 3174 ²)
448 3107 490 3161 Cf.
520 3125 566 3178 pg.
598 3111 661 3160 447:
696 3105 976 3174 DemonstravimuS,
1006 3107 1083 3176 quod
1113 3105 1362 3160 demonstrandum
1392 3113 1462 3171 erat,

338 3192 464 3246 codicem
489 3193 708 3262 Neapolitanum
738 3197 766 3245 et
792 3209 880 3244 unum
904 3208 962 3245 non
988 3191 1191 3262 interpolatum
1218 3199 1248 3246 et
1273 3192 1374 3246 librum
1403 3210 1463 3247 esse

336 3281 424 3333 multo
444 3277 560 3348 reliquis
579 3278 709 3332 lectionis
721 3277 887 3347 integritate
899 3277 1080 3346 superiorem.
1098 3277 1147 3331 illo
1165 3277 1252 3348 igitur
1269 3279 1298 3331 in
1315 3283 1460 3348 posterum

337 3381 464 3435 quoque,
491 3371 520 3418 et
541 3365 624 3418 unico
649 3363 761 3434 quidem
785 3363 833 3416 illo
858 3362 948 3417 donec
971 3362 1069 3417 similis
1094 3363 1226 3417 inventus
1252 3363 1302 3432 sit,
1329 3364 1461 3433 Properti

336 3450 490 3504 carminum
507 3449 633 3504 recensio
652 3449 765 3503 nitetur.
789 3449 897 3503 librarii
920 3465 1031 3502 errores
1055 3465 1175 3520 arguere
1197 3449 1304 3504 valebit
1329 3466 1344 3502 e
1367 3449 1462 3504 melio·

335 3537 414 3592 ribus
432 3535 557 3607 uulgaris
575 3540 660 3590 notae
677 3534 757 3590 libris
771 3533 933 3605 quicunque
946 3534 1074 3604 eligetur.
1092 3551 1190 3589 verum
1207 3535 1331 3590 AFDV
1349 3535 1461 3588 omnino

335 3623 405 3677 nihil
422 3623 527 3677 valent.
541 3652 574 3661 -
593 3620 646 3675 Cui
656 3622 715 3676 fere
727 3621 882 3674 assentitur
896 3620 1059 3689 Schenkl,
1077 3619 1194 3674 Wiener
1213 3620 1340 3686 Studien,
1358 3627 1425 3674 tom.
1437 3625 1462 3684 3,

336 3708 423 3777 „Eine
440 3706 769 3777 Properzhandschrift,“
787 3723 834 3777 pg.
853 3709 911 3760 160.
930 3736 959 3746 -·
980 3705 1135 3760 Praeterea
1153 3705 1355 3760 conferendum
1372 3707 1462 3760 simile

335 3794 470 3848 iudicium
483 3793 654 3848 Rothsteinii
671 3793 706 3846 de
719 3792 931 3846 Baehrensiana
942 3793 1051 3847 Tibulli
1070 3793 1195 3847 editione
1211 3793 1241 3846 in
1254 3793 1462 3860 dissertatione,

337 3896 410 3950 quae
432 3879 595 3942 inscribitur
614 3877 674 3948 „De
698 3877 805 3932 Tibulli
824 3877 994 3947 codicibus,“
1018 3878 1110 3933 Berol.
1136 3882 1210 3943 1880,
1234 3896 1279 3949 pg.
1298 3883 1345 3931 49:
1372 3879 1464 3932 Multa

337 3965 410 4020 enim
428 3965 475 4020 ille
494 3965 616 4019 tentarit
634 3981 707 4035 quae
725 3964 830 4018 iustam
843 3964 1006 4018 offensionis
1021 3982 1135 4019 causam
1146 3982 1203 4018 non
1219 3965 1359 4034 praebent
1375 3966 1465 4018 multa

337 4050 458 4105 coniecit
477 4067 550 4121 quae
568 4067 603 4105 ne
622 4055 737 4120 poterat
761 4050 875 4120 quidem
898 4051 1023 4105 scribere
1046 4056 1140 4122 poeta,
1165 4067 1260 4104 earum
1284 4056 1379 4104 autem
1403 4050 1465 4104 eius

337 4135 565 4190 emendationum
584 4152 657 4206 quae
675 4135 792 4190 tolerari
810 4142 931 4204 possunt
948 4136 1101 4206 pleraeque
1119 4141 1178 4190 tam
1195 4135 1322 4190 incertae
1340 4140 1414 4204 sunt,
1433 4142 1466 4189 ut

337 4221 367 4274 in
385 4221 500 4276 criticae
520 4221 651 4276 editionis
669 4227 778 4276 textum
796 4221 883 4291 recipi
901 4238 957 4275 non
976 4221 1134 4277 debuerint.

405 4309 426 4378 ²)
447 4307 490 4362 Cf.
500 4308 610 4374 Hetzel,
625 4308 680 4361 Zur
689 4307 853 4378 Erkl‘arung
865 4307 915 4361 des
925 4307 1101 4378 Propertius,
1113 4306 1283 4377 Dillenburg
1295 4310 1369 4373 1876,
1381 4324 1428 4377 pg.
1441 4309 1467 4360 2.
