3275 4984
178 648 274 706 textu
297 642 340 706 ad
363 642 533 727 archetypi
556 643 724 725 exemplar
746 640 949 708 restituendo
972 631 1025 707 uel
1048 639 1207 706 adversus
1229 638 1310 723 opti·

177 765 306 810 morum
351 746 508 811 librorum
540 766 615 812 mss.
627 751 650 825 ¹)
692 733 920 810 auctoritatem
959 744 1044 810 sicut
1080 743 1306 819 Lachmanno,

175 847 365 932 Schwabio,
398 848 515 914 ceteris
539 848 737 914 Veronensis
769 855 887 930 poetae
914 845 1094 931 editoribus
1117 845 1225 911 visum
1248 853 1308 925 est,

174 949 214 1014 id
247 951 281 1014 in
303 951 544 1033 Propertianis,
575 951 693 1032 quibus
717 949 926 1034 apertissima
947 949 1138 1015 testimonia
1160 948 1308 1014 subveni-

174 1060 255 1130 unt,
295 1053 495 1119 carminibus
536 1052 747 1120 recensendis
787 1071 896 1118 nonne
933 1053 1057 1117 maiore
1090 1052 1189 1116 etiam
1232 1071 1305 1115 cum

174 1155 410 1238 probabilitate
432 1156 664 1222 restituemus?

263 1259 412 1340 Denique
441 1259 504 1323 hoc
533 1258 605 1324 loco
634 1278 700 1324 non
729 1257 874 1323 alienum
896 1263 946 1323 est
968 1257 1126 1322 adnotare
1157 1257 1199 1322 ab
1222 1256 1306 1321 anti-

176 1360 348 1441 quissimis
369 1361 437 1425 iam
460 1361 661 1444 temporibus
680 1379 914 1444 saepenumero
929 1360 1112 1444 simplicem
1125 1380 1146 1443 q
1161 1359 1304 1424 litteram

174 1482 235 1546 pro
258 1484 301 1546 qu
323 1465 376 1530 vel
407 1468 473 1544 ol)
497 1470 653 1546 sequente
674 1485 697 1528 u
725 1463 825 1530 scribi
853 1463 986 1529 solitam
1015 1482 1096 1528 esse.
1140 1462 1188 1528 ef.
1210 1462 1305 1527 Prob.

174 1585 229 1648 pg.
256 1570 325 1643 119,
348 1573 376 1630 5.
420 1565 488 1632 Vel.
518 1568 620 1648 Long.
644 1566 715 1642 VII,
745 1570 795 1649 59,
819 1571 864 1650 12ε
892 1567 928 1631 in
959 1586 1040 1648 equo
1063 1566 1092 1631 V
1113 1586 1172 1650 pro
1196 1584 1305 1631 conso·

175 1675 279 1733 nante
308 1669 418 1751 posita
448 1669 524 1748 erit3
557 1676 588 1734 et
619 1669 753 1734 auribus
776 1667 908 1751 quidem
931 1668 1116 1734 sufficiebat
1144 1676 1180 1733 ut
1202 1687 1306 1750 equus

175 1790 349 1853 perunum
364 1793 384 1835 u
399 1771 604 1845 scriberetur,
622 1772 707 1836 ratio
722 1779 833 1836 tamen
848 1771 911 1836 duo
927 1771 1040 1854 exigit.
1063 1771 1110 1837 ef.
1126 1772 1305 1845 eorssena

168 1865 201 1955 Ἰ,
235 1892 311 1956 pgg.
339 1878 392 1959 68,
425 1880 462 1939 71
493 1894 555 1956 sq.,
587 1873 816 1953 Schuchardt,
848 1875 893 1954 ll,
927 1893 1003 1956 pgg.
1036 1879 1110 1950 142,
1140 1879 1201 1939 433
1225 1893 1303 1956 sqq,

175 1977 387 2059 Brambach.,
417 1996 492 2061 pgg.
525 1982 586 2042 224
617 1997 676 2058 sq,
710 1982 770 2063 230
802 1997 848 2059 sq.
892 1977 943 2041 De
974 1977 1145 2060 scripturis
1175 1978 1304 2057 relicus,

177 2079 310 2161 relique,
332 2080 473 2146 relicuus
497 2079 536 2144 cl.
559 2081 673 2158 Krita,
706 2079 749 2144 ad
772 2081 839 2145 Sal.
863 2081 932 2146 Cat.
955 2085 992 2160 3,
1025 2086 1044 2144 5
1067 2099 1119 2164 pg.
1143 2085 1180 2143 21
1207 2078 1304 2144 etad

175 2182 243 2247 Sal.
268 2182 382 2266 fragm.
406 2188 435 2266 3,
460 2188 509 2262 77,
533 2187 562 2258 2,
587 2181 736 2263 Freund,
759 2181 803 2247 ad
826 2182 893 2248 (lio.
915 2183 982 2246 Mil.
1004 2202 1057 2266 pg.
1080 2187 1117 2248 31
1145 2203 1192 2264 sq.

263 2285 368 2364 Quam
392 2283 559 2350 scribendi
582 2284 851 2350 consuetudinem
875 2305 948 2350 cum
970 2286 1004 2350 L.
1020 2285 1176 2351 Mullorus
1199 2291 1227 2364 4,
1254 2289 1302 2357 13,

174 2394 236 2454 64ε
277 2387 455 2454 secundum
489 2389 521 2453 N
551 2387 621 2452 cod.
652 2407 746 2470 equm
779 2381 891 2468 (ceteri
921 2394 1052 2470 equum)
1087 2387 1123 2452 in
1158 2386 1303 2452 editione

173 2491 397 2575 adoptaverit,
437 2511 517 2557 sane
547 2511 612 2556 non
642 2490 757 2574 video,
800 2511 857 2557 cur
898 2491 1142 2557 inconstantiae
1180 2490 1306 2556 crimen

172 2595 309 2660 subiens
333 2601 361 2674 5,
384 2599 412 2670 3,
440 2599 480 2659 36
504 2613 605 2676 equus
629 2594 797 2676 scripserit
820 2602 935 2660 contra
957 2594 1200 2678 apertissimam
1223 2595 1305 2660 eius-

172 2697 249 2762 dem
272 2696 396 2762 codicis
420 2697 634 2778 scripturam:
657 2715 744 2778 equs.

263 2799 417 2881 Sequitur·
437 2799 504 2864 iam
527 2799 562 2864 in
582 2799 810 2882 perlustrando
833 2800 1120 2882 Propertianorum
1147 2799 1303 2864 librorum

174 2921 253 2968 mss.
276 2901 529 2984 orthographico
552 2921 672 2984 genero
703 2901 883 2985 disputatio
910 2901 951 2967 de
982 2922 1022 2968 ea
1044 2902 1210 2968 scribendi
1234 2923 1306 2968 con·

177 3002 360 3083 suetudine,
383 3024 448 3085 qua
470 3004 499 3070 si
522 3004 655 3069 labialis
678 3025 709 3068 m
733 3011 766 3070 et
781 3003 925 3070 dentalis
948 3011 961 3068 t
983 3005 1036 3069 vel
1058 3025 1074 3069 s
1097 3013 1302 3084 concurrunt,

176 3107 322 3172 litteram
351 3126 372 3188 p
410 3108 569 3171 insertam
599 3105 756 3173 videmus.
806 3107 911 3184 Quem
936 3127 1045 3186 usum,
1073 3107 1129 3190 qui
1160 3127 1241 3174 sane
1268 3115 1304 3172 ut

173 3208 355 3274 elocutioni
377 3208 591 3274 subveniatur
612 3210 774 3275 latissime
796 3215 887 3292 patet
896 3212 929 3290 ⁸),
952 3211 1061 3292 prisco
1080 3211 1146 3276 iam
1162 3212 1305 3277 sermoni

173 3310 384 3378 tribuendum
407 3331 496 3386 esse,
525 3331 566 3376 ex
587 3311 875 3395 inscriptionibus,
905 3313 1146 3394 antiquissimis
1168 3314 1306 3395 linguae

174 3414 412 3490 monumentis,
452 3421 484 3478 et
522 3434 562 3478 ex
591 3416 879 3497 grammaticorum
909 3415 1106 3482 testimoniis
1140 3417 1222 3484 satis
1253 3417 1306 3481 ad·

246 3681 266 3751 ¹)
285 3681 427 3738 Exhibent
445 3701 543 3738 omnes
562 3683 714 3738 Catulliani
738 3685 804 3740 libri
821 3703 887 3740 mss.
910 3691 961 3740 aut
979 3687 1024 3739 cui
1042 3693 1092 3740 aut
1110 3688 1159 3758 qui
1177 3695 1227 3742 aut
1244 3689 1303 3744 tale

175 3766 252 3837 quid,
270 3767 347 3822 nullo
360 3769 423 3822 loco
436 3787 536 3839 puram
549 3776 636 3841 atque
649 3770 799 3840 genuinum
812 3771 955 3826 scribendi
968 3772 1108 3826 rationem
1120 3775 1305 3829 vetustissimi

176 3852 291 3907 codicis.
328 3853 371 3908 cf,
389 3855 505 3925 Haupt,
526 3861 647 3926 quaestt.
667 3856 770 3911 Catull.
788 3874 835 3927 pg.
854 3861 900 3926 93,
930 3858 1035 3926 Rceck,
1057 3877 1103 3930 pg.
1125 3864 1163 3914 11.
1182 3891 1215 3900 -
1234 3861 1303 3916 Ver-

173 3938 262 4009 gilius
282 3945 383 3994 eontra
400 3940 507 4011 ubique
525 3941 667 3996 recentius
686 3942 829 3996 scribendi
852 3959 942 4012 genus
964 3943 1161 4014 frequentasse
1184 3946 1304 4001 videtur.

174 4023 219 4078 cf.
239 4023 376 4095 Wagner,
394 4026 505 4097 orthog.
524 4026 608 4097 Verg.
627 4045 674 4098 pg.
693 4031 751 4081 452.
1287 4023 1290 4027 ’

245 4110 266 4180 ⁴²)
287 4128 341 4181 qur
363 4111 394 4166 C.
418 4110 446 4166 J.
469 4112 502 4166 L.
525 4112 552 4181 l,
577 4117 655 4182 1454,
683 4131 754 4184 qura
779 4113 808 4168 C.
834 4113 863 4170 J.
879 4114 913 4168 L.
930 4113 957 4183 Ι,
982 4119 1061 4184 1066,
1090 4133 1155 4186 qum
1174 4117 1206 4172 C.
1222 4116 1249 4172 J.
1268 4118 1302 4171 L.

173 4195 198 4262 Ι,
219 4199 284 4249 roso
304 4213 328 4250 a.
348 4201 404 4250 uro.

245 4281 266 4349 ³)
286 4281 395 4352 Reisig,
428 4283 625 4355 Vorlcsungcn
657 4284 728 4339 iiber
761 4285 810 4339 lat.
839 4285 1158 4356 Spruchwissenschaft‚
1185 4289 1303 4344 heraus·

173 4366 305 4436 gegeben
324 4385 380 4422 von
399 4368 504 4437 Haase,
524 4373 589 4423 1833
609 4367 628 4444 ξ
648 4373 705 4425 282.
