3275 4984
837 423 1023 479 .-4-

451 583 566 664 Itaque
590 583 679 648 haud
702 603 830 665 vereor,
861 604 902 649 ne
925 588 1137 652 exeusatione
1160 588 1241 652 mihi
1265 607 1346 670 opus
1370 587 1428 666 sit,
1462 589 1492 652 si

365 685 400 750 in
424 685 484 750 hoo
508 687 663 768 opuseulo
687 706 726 751 ea
748 688 928 770 proferam,
952 709 1035 771 quae
1059 688 1099 754 de
1122 692 1408 775 Propertianarum
1432 691 1491 754 for-

365 808 490 853 marum
506 789 792 870 grammaticarum
811 798 843 856 et
859 791 1185 875 orthographioarum
1196 794 1324 858 ratione
1347 795 1494 857 maxime

365 890 467 974 digna
489 891 619 974 putavi.
651 913 735 974 quae
764 893 852 958 iusta
883 895 1099 959 oollooatione
1130 895 1190 960 sub
1213 917 1277 961 uno
1301 896 1395 979 quasi
1418 916 1490 960 oon-

365 1001 477 1076 speotu
500 1002 697 1077 ponerentur
708 1001 738 1074 ¹).
777 996 935 1073 Quamvis
965 1017 1041 1062 vero
1073 998 1155 1062 satis
1183 998 1265 1062 mihi
1295 1019 1490 1081 persuasum

362 1104 449 1162 esset
483 1098 658 1163 nonnullas
699 1117 750 1163 res
787 1099 822 1162 in
861 1100 1085 1182 Propertianis
1126 1100 1241 1182 elegiis
1282 1109 1493 1167 occurrentes-

365 1206 544 1264 oeterorum
567 1219 694 1281 quoque
720 1199 865 1265 eiusdem
894 1202 1013 1267 aetatis
1042 1209 1211 1285 poetarum
1233 1203 1383 1286 proprias
1406 1223 1486 1282 esse,

362 1323 427 1366 non
472 1309 581 1366 tamen
622 1301 820 1367 omittendas
861 1303 1066 1384 existimavi3
1115 1302 1186 1387 sed,
1226 1324 1298 1370 oum
1340 1312 1492 1387 speotent·

362 1405 508 1486 adrem
541 1405 790 1487 grammaticum
831 1413 863 1470 et
902 1407 1188 1489 orthographicum
1227 1427 1322 1489 quam
1353 1407 1488 1489 diligen-

362 1509 492 1574 tissima
528 1529 586 1591 pro
622 1507 704 1573 meis
735 1508 860 1574 viribus
891 1527 969 1573 eura
1006 1510 1197 1592 explanavi,
1227 1518 1264 1575 ut
1298 1511 1491 1575 1111111111

364 1612 596 1677 dissertatione
612 1609 654 1675 ad
668 1617 771 1675 totum
783 1611 945 1693 Propertii
958 1611 1090 1677 dicendi
1106 1632 1209 1694 genus
1226 1611 1487 1695 intellegendum

366 1713 548 1781 subsidium
571 1713 735 1796 quoddam
759 1712 983 1793 adferretur2).

451 1817 525 1881 lam
549 1835 625 1882 vero
646 1815 686 1880 de
701 1814 877 1899 praesidiis
893 1816 1024 1897 11111111,
1050 1817 1167 1897 quibus
1181 1818 1387 1900 potissimum
1410 1838 1492 1884 usus

363 1920 435 1996 sim,
456 1938 631 2001 eorumque
658 1918 698 1982 de
721 1919 815 1983 varia
842 1916 1020 2000 dignitate,
1047 1921 1241 2003 praesertim
1272 1940 1345 1985 eum
1376 1940 1416 1985 ea
1446 1921 1488 1986 de

363 2043 398 2088 re
420 2023 484 2087 viri
507 2022 596 2087 dooti
618 2022 808 2086 etiamnune
839 2021 924 2086 inter
947 2042 981 2087 se
1009 2021 1208 2105 discrepent,
1239 2022 1317 2104 quid
1340 2024 1422 2088 mihi
1445 2025 1494 2089 11·7

364 2124 487 2206 deatur,
510 2124 623 2208 pauois
647 2143 818 2207 exponam.

446 2228 493 2291 Ao
530 2228 669 2309 primum
709 2225 840 2307 quidem
882 2227 1000 2290 librum
1037 2228 1284 2309 Groninganum
1326 2229 1392 2309 (G),
1433 2230 1487 2293 oui

360 2331 592 2394 Lachmannus
620 2329 733 2412 (praef.
757 2328 833 2393 edit.
861 2350 890 2392 a.
916 2333 996 2394 1816
1019 2348 1072 2412 pg.
1096 2335 1127 2407 9)
1151 2338 1183 2394 11
1205 2349 1278 2394 eum
1311 2331 1494 2398 11111111--

360 2433 470 2514 oobus,
493 2432 726 2512 Hertzbergius
750 2437 899 2513 (quaestt.
922 2433 1015 2514 Prop.
1038 2451 1114 2514 pgg.
1138 2437 1327 2516 233-235),
1357 2433 1488 2498 Keilius

358 2536 538 2599 maximam
562 2534 629 2598 iere
647 2533 744 2598 fidem
768 2535 930 2615 tribunut‚
963 2533 1052 2598 haud
1074 2536 1189 2617 paneis
1212 2536 1368 2600 Italorum
1392 2536 1487 2600 inter·

361 2638 584 2722 polationibus
614 2636 771 2702 infestam
799 2635 851 2716 (ef.
880 2637 918 2700 H.
948 2637 1051 2713 Keil,
1082 2637 1257 2703 observatt.
1286 2639 1421 2702 oritioae
1450 2639 1488 2702 in

430 2925 449 2996 ¹)
470 2925 532 2989 Qua
551 2925 580 2977 in
598 2941 629 2978 re
647 2924 768 2994 probavi
787 2924 879 2978 Curtii
904 2926 1174 2980 commendationem
1198 2926 1269 2995 „Die
1294 2927 1418 2998 Bildnng
1436 2929 1492 2983 derv

359 3011 502 3080 Tempora
520 3011 578 3064 und
596 3010 674 3088 Modi
700 3012 777 3078 111.,“
805 3028 852 3080 pg.
882 3015 909 3062 1:
945 3011 1000 3064 Die
1024 3011 1158 3082 Aufgabe
1185 3012 1235 3065 des
1259 3012 1490 3068 Grammatilrers

361 3096 467 3168 gleioht
484 3096 621 3149 zuniiohst
639 3095 689 3149 der
708 3097 756 3149 dos
777 3095 957 3150 Stetistikers
976 3102 1029 3150 eto.

427 3182 448 3252 ²)
467 3182 589 3236 Easdem
606 3183 731 3236 rationes
744 3182 878 3252 probavit
895 3181 1037 3236 Frahnert
1056 3183 1141 3252 „Zum
1161 3183 1416 3254 Spraohgebrauoh
1434 3186 1487 3239 des

358 3268 501 3338 Properz“
519 3268 602 3321 Halle
623 3271 696 3336 1814,
723 3285 779 3337 qua
797 3268 827 3320 in
852 3268 1086 3322 commentatione
1111 3270 1213 3332 omnia,
1238 3286 1311 3340 quae
1334 3270 1363 3323 in
1388 3271 1494 3340 elegiis

359 3359 524 3418 occurrunt,
556 3353 670 3423 supina,
702 3353 852 3424 gerundia,
882 3353 1053 3424 gerundiva‚
1082 3355 1242 3425 partieipia,
1272 3356 1488 3426 diligentissime

360 3441 479 3494 collecta
497 3445 571 3504 sunt,
589 3458 635 3509 pg.
657 3443 684 3494 1:
713 3439 797 3493 1)111
822 3439 899 3492 nicht
923 3439 987 3493 blos
1012 3440 1063 3493 das
1081 3441 1328 3511 Ungewdhnliohe‚
1351 3459 1407 3495 was
1432 3460 1493 3496 uns

357 3525 387 3579 in
405 3526 455 3578 der
473 3524 589 3579 Diction
608 3524 684 3578 eines
705 3523 923 3580 Schriftstellers
943 3531 1084 3595 entgegen
1102 3527 1173 3594 tritt,
1197 3527 1278 3581 sollte
1304 3528 1409 3582 meiner
1426 3529 1487 3582 An·

327 3651 330 3656 -
356 3610 431 3664 sioht
447 3610 521 3665 nach
538 3610 585 3664 bei
608 3610 695 3664 derlei
714 3609 914 3680 Sammlungen
937 3609 1107 3682 Beaohtung
1130 3612 1240 3677 finden,
1265 3613 1387 3666 sondern
1411 3613 1486 3667 auch

357 3696 454 3750 solohe
477 3695 673 3766 syntaktisohe
695 3695 941 3765 Erseheinungen,
969 3696 1014 3750 die
1041 3696 1138 3750 immer
1161 3698 1220 3750 und
1245 3697 1343 3751 immor
1370 3699 1489 3752 wieder-

357 3782 474 3848 11111111,
493 3781 626 3835 seheinen
644 3780 696 3833 mir
715 3780 840 3851 gleicher
852 3780 1130 3852 Beriiolrsiohtigung
1147 3782 1236 3835 werth
1253 3801 1288 3836 zu
1308 3783 1377 3848 sein,
1397 3785 1488 3838 damit

349 3868 381 3936 je
406 3866 485 3920 mehr
508 3867 567 3920 und
589 3866 667 3919 mehr
691 3884 743 3919 zur
760 3866 892 3920 Klarheit
915 3866 1038 3935 kommt,
1062 3868 1090 3920 in
1113 3868 1245 3922 welchem
1269 3868 1411 3940 Umfange
1435 3870 1494 3923 der·

356 3953 565 4022 Spraohsohatz
584 3969 640 4006 von
665 3952 719 4006 den
739 3952 885 4006 einzelnen
902 3953 1032 4007 Antoren
1052 3954 1213 4023 iiberhaupt
1236 3955 1356 4008 benntzt
1380 3956 1489 4021 wurde,

356 4040 414 4093 und
432 4039 484 4092 wie
502 4039 586 4108 lange
605 4038 664 4092 dies
682 4037 741 4092 und
756 4038 840 4107 jenes
857 4039 1004 4106 brauohte,
1029 4056 1075 4090 um
1100 4039 1345 4109 gewissermassen
1362 4040 1488 4111 Biirger·

356 4125 437 4179 reoht
455 4142 491 4177 zu
510 4124 652 4194 erlangen,
671 4123 761 4178 wobei
780 4123 840 4176 sioh
858 4124 987 4194 augleieh
1004 4124 1104 4194 zeigen
1128 4125 1205 4193 wind,
1231 4125 1290 4196 wie
1306 4127 1390 4197 lange
1412 4128 1489 4181 auch

357 4211 476 4282 gemisse
493 4210 615 4264 Formen
633 4211 690 4263 und
709 4209 900 4280 Wondungen
919 4209 978 4263 siah
996 4210 1154 4280 behauptet
1172 4211 1274 4277 haben,
1300 4212 1351 4266 ehe
1369 4212 1410 4266 sie
1428 4230 1494 4266 von

353 4297 482 4352 anderen
501 4297 656 4366 verdriingt
673 4295 795 4350 wurden.
