3275 4984
622 446 835 503 ..15-

157 612 341 677 transiisse.
408 611 455 675 Ac
487 611 570 678 tales
604 609 736 693 quIdem
768 610 913 692 genetivi
948 609 1036 693 apud
1074 628 1186 674 omnes
1222 610 1290 674 fere

159 720 194 778 ct
219 713 483 795 elegantissimos
507 713 667 779 sermonis
689 713 837 778 florenfis
855 712 1031 795 scriptores
1054 718 1235 789 occurrunt,
1256 719 1292 776 ut

161 835 207 880 ne
222 816 336 881 Cicero
359 815 490 898 quidem
506 815 605 880 Acad.
629 823 658 892 4,
673 820 723 893 34,
743 819 801 880 108
824 814 1024 880 dubitaverit
1046 813 1190 881 scribere
1203 834 1290 897 gen:

159 917 313 994 Herculi,
336 939 532 1002 quamquam
555 918 794 983 nominativus:
824 918 1004 984 Herculeus
1025 937 1131 999 neque
1152 937 1291 1000 graecae

159 1039 269 1102 neque
299 1022 424 1086 latinae
446 1021 579 1104 linguae
603 1019 838 1086 consuetudine
869 1020 1032 1102 probatur.
1054 1021 1095 1085 cf.
1118 1020 1244 1086 Charis.
1267 1022 1293 1098 Ι,

162 1128 205 1188 10
228 1143 280 1206 pg.
302 1130 355 1200 rb,
379 1125 537 1189 Priscian.
552 1124 606 1201 VI,
630 1143 681 1207 pg.
705 1128 775 1202 276,
801 1129 835 1203 1;
858 1123 947 1188 Serv.
963 1122 1006 1187 ad
1020 1127 1095 1187 Aen.
1118 1123 1198 1187 VIII
1217 1128 1292 1205 3833

158 1264 207 1272 ——
224 1227 340 1302 Nesea
363 1227 388 1305 I,
410 1247 463 1310 pg.
476 1233 546 1292 331.
561 1227 776 1304 -Ribbeclr,
795 1225 1048 1307 Proleggverg.
1062 1243 1137 1309 pgg.
1157 1230 1217 1290 130
1237 1246 1312 1308 sq,¹

162 1333 242 1406 1763
274 1334 345 1393 402.
368 1367 408 1376 -
432 1329 609 1408 thheler,
633 1330 713 1394 Mus.
736 1329 839 1392 Rhen.
861 1335 935 1393 tom,
959 1328 1029 1410 XV,
1053 1347 1128 1411 pgg.
1152 1333 1213 1393 435
1233 1348 1293 1410 sq.:

159 1431 333 1497 Achilleus
363 1452 405 1497 ns
436 1452 455 1496 a
479 1432 636 1497 RomanIs
659 1430 790 1514 quidem
819 1431 994 1496 abhorrere
1027 1429 1115 1496 clare
1136 1432 1293 1498 Horatius

163 1531 312 1600 ostendit
334 1534 582 1619 quadrisyllabo
598 1534 740 1599 Achillei
758 1535 911 1616 genetivo
934 1554 1013 1600 usus
1035 1534 1069 1598 in
1094 1535 1294 1601 carminibus

161 1655 260 1718 quem
283 1656 417 1703 necesse
440 1644 490 1703 est
512 1636 555 1702 ad
567 1637 734 1730 Achilleus
752 1637 991 1702 nominativum
1003 1637 1151 1702 revocari
1173 1637 1296 1720 pariter

163 1745 264 1820 atquc
286 1740 397 1806 Ulixei
419 1739 701 1824 quadrisyllabum
730 1739 816 1822 quod
839 1739 925 1805 idem
948 1740 1104 1806 Horatius
1127 1741 1161 1804 in
1185 1741 1297 1805 carmi·

160 1841 262 1906 nibus
277 1843 494 1926 compluriens
509 1842 594 1908 dixit
608 1842 651 1908 ad
660 1843 804 1924 Ulixeus,
817 1843 949 1908 tametsi
961 1843 1047 1907 hunc
1056 1843 1295 1909 nominativum

161 1965 320 2026 umquam
341 1946 572 2028 pronuntiasse
595 1948 761 2012 Romanos
777 1945 860 2010 mihi
881 1946 970 2010 nullo
994 1945 1142 2029 exemplo
1159 1953 1295 2018 constat·

251 2049 289 2112 In
312 2049 480 2114 nominum
511 2049 754 2133 peregrinorum
786 2049 955 2131 genetivo,
986 2067 1069 2129 quae
1092 2049 1295 2113 nominativo

162 2150 268 2216 incus
291 2151 515 2230 terminantur,
538 2153 743 2235 Propertium
766 2159 856 2217 certa
878 2172 993 2217 norma
1013 2171 1080 2216 non
1104 2150 1296 2217 adstrictum

162 2251 276 2330 fuisse,
294 2254 466 2340 exemplis,
488 2273 572 2335 quac
594 2254 629 2319 in
652 2254 768 2337 elegiis
791 2261 978 2335 occurrunt,
1000 2254 1100 2319 facile
1123 2255 1297 2336 colligitur.

162 2356 251 2419 Nam
274 2375 347 2420 cum
369 2357 494 2420 latinae
516 2363 549 2421 ct
563 2356 696 2422 eaedem
711 2377 769 2441 per
782 2358 951 2442 synizcsin
967 2364 1154 2424 contractae
1173 2358 1297 2423 formae

160 2455 453 2541 deprehendantur
475 2460 552 2524 hae:

251 2555 446 2644 Capanei
469 2567 496 2638 3,
519 2567 568 2643 34,
592 2568 648 2641 403
688 2555 799 2629 Persei
823 2568 851 2629 3.
875 2567 925 2642 28,
949 2567 1004 2639 223
1045 2567 1095 2641 30,
1119 2569 1149 2638 4;
1181 2555 1298 2627 Phinei

164 2669 193 2744 4,
220 2670 246 2744 5,
271 2670 328 2745 413
355 2656 541 2729 Promethei
564 2669 591 2742 2,
617 2670 642 2742 1,
666 2669 718 2739 69,

254 2785 395 2848 graecae
418 2767 518 2831 etiam
541 2765 774 2832 declinationis
797 2766 883 2831 duae
905 2774 1051 2833 exstant:

253 2870 443 2952 Nycteos
467 2876 494 2949 4,
512 2875 559 2949 15,
575 2874 625 2946 12;
648 2871 857 2936 Pentheos
879 2877 907 2946 4,
923 2876 970 2951 17,
987 2875 1036 2945 24,
1059 2870 1155 2934 metri
1168 2869 1297 2951 legibus

164 2971 362 3053 postulatae.
411 3054 416 3064 ι

255 3074 411 3138 Dativum
435 3072 580 3139 eiusdem
603 3075 733 3156 generis
748 3075 916 3140 nominum
934 3095 992 3158 per
1008 3074 1175 3158 synizesin
1198 3074 1298 3138 etlam

166 3182 370 3241 contractum
402 3196 529 3260 semper
559 3177 667 3242 latine
697 3176 825 3242 inflexit
855 3184 953 3260 poeta
981 3178 1081 3254 velut;
1126 3169 1297 3260 Enipe'o

168 3284 196 3354 1,
228 3283 275 3354 13,
305 3284 361 3354 21;
402 3286 430 3360 4,
463 3283 511 3356 19,
536 3285 590 3356 13;
630 3272 735 3344 Νθϊᾶ)
759 3286 787 3356 4,
811 3286 840 3357 7,
863 3285 918 3356 67;
957 3275 1149 3346 Prometheo
1173 3287 1201 3356 4,
1224 3286 1253 3355 5,
1271 3285 1298 3343 7.

166 3380 216 3445 ef.
241 3381 407 3458 Ribbeck,
430 3383 581 3464 Prolegg.
605 3382 702 3463 Verg.
724 3402 778 3466 pg.
804 3388 872 3461 131,
895 3382 962 3446 ind.
985 3402 1030 3464 gr.
1053 3403 1106 3466 pg.
1129 3388 1199 3448 402.

255 3484 406 3549 Vocativi
439 3483 614 3549 eorundem
644 3485 892 3566 vocabulorum,
924 3505 1019 3567 quern
1049 3506 1161 3551 omncs
1183 3492 1300 3569 poetae

166 3585 236 3650 iere
274 3587 309 3650 in
349 3607 389 3666 eu
427 3588 693 3665 terminaverunt,
729 3588 904 3670 scriptores
935 3587 1097 3672 pedestris
1132 3588 1300 3667 sermonis,

167 3696 327 3769 quantum
357 3689 427 3754 fieri
448 3690 571 3772 potuit,
603 3688 842 3766 devitaverunt,
871 3691 1039 3772 singulare
1061 3689 1149 3773 apud
1171 3692 1301 3773 Proper-

166 3790 250 3854 tium
274 3792 414 3856 occurn‘t
437 3793 637 3876 exemplum:
677 3793 841 3877 Lynceu
871 3798 898 3872 3,
921 3798 971 3873 34,
994 3797 1022 3857 9.
1064 3793 1112 3858 df.
1134 3793 1301 3884 Ribbeck,

167 3893 317 3975 Prolegg.
341 3895 437 3976 Verg.
459 3894 526 3959 ind.
545 3915 590 3976 gr.
613 3914 666 3978 pg.
690 3900 760 3960 402.

254 3996 293 4058 In
324 3997 511 4061 accusativo
544 3995 684 4078 denique
714 4016 868 4078 graecam
907 3998 1006 4062 etiarn
1036 3998 1300 4063 terminationem

166 4105 286 4180 poetae
308 4106 419 4164 nostro
451 4099 503 4165 vel
527 4100 669 4164 maxime
691 4100 873 4183 placuisse,
903 4100 932 4166 si
962 4101 1069 4166 minus
1102 4120 1120 4165 c
1150 4108 1302 4182 quattuor

167 4199 230 4276 his,
254 4221 337 4282 quae
361 4201 492 4266 omnino
516 4202 551 4266 in
575 4202 691 4284 elegiis
714 4203 874 4284 leguntur,
897 4203 1072 4287 exempHs:

241 4302 442 4385 'Nirsa4,
475 4309 527 4385 18,
558 4310 616 4380 27;
657 4304 824 4389 Orphea
854 4311 1014 4384 4,1,41;
1059 4306 1302 4379 Penthea4‚
