3275 4984
801 385 1010 448 ..80-

425 553 463 617 In
485 553 600 618 horum
621 551 723 634 igitur
744 552 977 618 vocabulorum
1005 559 1072 617 tam
1095 552 1196 618 dubia
1218 553 1464 636 orthographia,

339 675 404 737 qua
434 662 564 738 propter
594 646 727 736 linguae
765 660 823 737 per
853 655 986 720 saecula
1024 656 1309 720 commutationem
1339 656 1388 719 nil
1419 653 1464 718 ad

339 758 566 842 archetypum,
596 756 716 821 nedum
739 756 781 820 ad
804 756 910 840 ipsius
930 764 1050 842 poetae
1071 779 1203 823 manum
1225 758 1464 824 restituendam

340 860 448 925 evinci
471 867 590 944 potest,
622 861 814 942 praesertim
843 880 916 925 cum
944 857 1026 925 adeo
1055 861 1197 926 recentis
1224 868 1255 925 et
1277 861 1382 925 Italae
1404 861 1466 925 ori·

340 963 428 1045 ginis
452 963 518 1028 sint
540 969 673 1028 nostrae
699 963 923 1046 membranae,
956 964 985 1028 si
1016 963 1164 1027 carmina
1184 943 1399 1046 Propertiaia
1421 961 1465 1026 ad

340 1085 412 1130 eam
443 1065 676 1148 perfectionem
708 1084 870 1136 revocare
901 1065 1068 1149 volumus,
1106 1085 1202 1146 quam
1232 1066 1465 1130 Lachmannus

340 1166 597 1248 commendavit,
634 1167 782 1250 probatis
818 1167 1031 1246 Ritschelii1)
1067 1168 1106 1232 in
1139 1168 1248 1233 Plauti
1284 1167 1465 1232 comoediis

339 1263 549 1336 recensendis
580 1271 763 1336 rationibus
796 1276 885 1334 certa
915 1270 950 1334 in
980 1269 1263 1353 singulis'saltem
1293 1270 1465 1335 vocabulis

340 1372 505 1438 scribendi
533 1392 648 1437 norma
678 1367 869 1456 adoptanda
899 1380 949 1438 est
985 1392 1025 1437 ea
1060 1373 1206 1454 quidem,
1247 1393 1331 1454 quae
1363 1373 1465 1454 longe

278 1510 284 1528 ·
339 1475 489 1557 plurimis
512 1475 670 1558 exemplis
693 1474 842 1541 codicum
866 1490 1027 1542 consensu
1044 1477 1206 1559 probatur,
1229 1495 1280 1560 ne,
1303 1473 1465 1558 quidquid

281 1580 286 1590 '
339 1578 450 1644 neseio
474 1578 529 1661 qui
544 1578 647 1644 Italus
669 1578 770 1642 medii
793 1579 868 1643 aevi
889 1578 1049 1643 librarius
1060 1579 1112 1643 vel
1132 1585 1246 1642 contra
1259 1578 1464 1642 voluntatem

340 1680 376 1744 in
399 1680 571 1747 scribendo
595 1680 678 1746 forte
699 1685 865 1763 peccavit,
897 1688 1063 1762 tamquam
1092 1661 1219 1746 sacrum
1242 1688 1275 1745 et
1297 1681 1463 1763 integrum

340 1781 444 1865 ipsius
468 1783 676 1864 antiquitatis
699 1790 942 1847 monumentum
966 1780 1165 1848 editionibus
1185 1783 1306 1848 nostris
1321 1782 1467 1848 absurda

340 1884 481 1969 quadam
504 1886 688 1952 reverentia
710 1904 948 1952 conservemus.

421 1989 522 2054 'Velut
534 1988 624 2054 nullo
639 1988 734 2053 modo
749 1989 884 2099 probari
894 1989 973 2054 licet
987 1991 1062 2053 Luc.
1074 1989 1203 2054 Milleri
1222 1997 1253 2053 et
1268 1989 1465 2053 Baehrensii

338 2091 595 2158 inconstantiam
618 2091 653 2155 in
675 2098 812 2173 utraque
835 2092 997 2175 scriptura
1016 2093 1095 2156 haut
1116 2091 1206 2156 haud
1228 2110 1463 2174 saepenumero

341 2195 413 2260 sine
435 2194 504 2258 ulla
526 2193 674 2259 codicum
697 2199 892 2260 auctoritate
906 2195 1091 2277 promiscue
1112 2194 1465 2259 111111111111111111111

339 2297 427 2380 pata.
472 2279 668 2379 Intellegere
697 2297 828 2379 quidem
858 2317 925 2362 non
948 2318 1131 2381 possumus,
1162 2317 1219 2362 cur
1241 2298 1275 2361 L.
1297 2297 1464 2375 Miillerus,

341 2418 412 2463 oum
435 2400 550 2465 ceteris
572 2400 654 2466 locis
676 2401 796 2483 ubique
818 2401 899 2465 haut
913 2401 1106 2484 scripturam
1121 2401 1152 2464 N
1166 2407 1249 2465 auct.
1263 2399 1461 2483 probaverit,

340 2510 449 2566 tamen
479 2508 507 2584 3,
539 2507 587 2582 18,
618 2508 675 2583 203
706 2509 734 2582 4,
769 2508 817 2586 15,
849 2510 867 2568 7
891 2498 1049 2569 aduersus
1076 2504 1107 2567 N
1138 2509 1219 2582 (1111)
1248 2502 1462 2585 scripturam:

340 2604 429 2668 haud
469 2605 504 2669 in
544 2606 716 2670 verborum
755 2606 904 2670 ordinem
942 2606 1111 2689 receperit.
1172 2604 1263 2670 Idem
1311 2605 1463 2687 peccavit

340 2707 574 2788 Baehrensius,
591 2709 657 2790 qui
680 2709 743 2773 etsi
764 2716 801 2775 ut
823 2709 958 2791 reliquis
979 2708 1061 2774 locis
1082 2708 1131 2772 ita
1153 2714 1187 2789 4,
1218 2714 1252 2784 7,
1283 2711 1323 2772 35
1347 2713 1462 2771 contra

341 2829 418 2875 suos
441 2809 541 2876 libros
565 2810 607 2875 ad
630 2810 897 2894 orthographiam
917 2811 1041 2877 codicis
1055 2812 1086 2876 N
1100 2810 1206 2890 (haut)
1220 2829 1255 2874 se
1271 2808 1481 2892 applicarit,¹

342 2918 451 2976 tamen
475 2932 586 2978 rursus
609 2919 637 2990 4,
661 2919 710 2997 15,
734 2920 752 2978 7
776 2933 854 2979 usus
876 2921 927 2980 111
949 2914 1123 2996 scriptura:
1144 2911 1276 2990 haud2).

413 3016 528 3097 Itaque
545 3035 617 3080 cum
630 3016 682 3081 rel
698 3017 843 3081 maxime
855 3017 889 3081 in
904 3016 1077 3099 scriptura:
1091 3017 1171 3080 haut
1183 3015 1313 3082 codices
1330 3015 1415 3080 inter
1428 3035 1467 3080 se

342 3119 525 3184 consentire
547 3117 613 3183 looi
625 3118 772 3184 indicent
786 3138 886 3202 supra
907 3119 1009 3199 allati,
1033 3119 1137 3183 ltalae
1156 3119 1294 3200 originis
1314 3116 1465 3183 codicum

341 3221 422 3287 fides
449 3222 538 3287 nullo
567 3221 662 3287 modo
685 3222 754 3287 fore
775 3228 812 3287 111
841 3228 1068 3288 contemnatur
1096 3221 1338 3306 existimamus,
1367 3221 1396 3286 si
1428 3221 1466 3285 in

342 3325 560 3408 Propertianu
597 3325 849 3408 orthographico
896 3343 1015 3406 genere
1061 3344 1159 3406 quam
1196 3323 1464 3408 probabilissimo

253 3467 254 3470 =
344 3426 583 3508 constituendo,
620 3447 662 3491 nc
698 3427 856 3493 memoria
888 3428 979 3492 illius
1012 3425 1177 3492 scribendi
1215 3425 1464 3491 consuetudinis

343 3549 475 3613 prorsus
499 3529 682 3606 aboleatur,
712 3530 788 3594 huic
818 3529 978 3594 vocabulo
1007 3529 1128 3612 ubique
1157 3529 1326 3610 neglectis*
1346 3527 1464 3612 paucis

259 3701 265 3714 ,
344 3631 516 3697 contrariis
526 3632 786 3696 membranarum
802 3632 960 3715 exemplis
976 3630 1153 3704 reddemus
1160 3631 1353 3714 scripturam
1361 3636 1468 3712 pert-t.

413 3834 432 3904 ¹)
454 3834 496 3889 Cf.
509 3835 582 3888 Prol.
595 3835 673 3890 Trin.
691 3854 738 3906 pg.
752 3835 889 3890 XCVIII:
908 3836 974 3891 Non
991 3851 1054 3889 11111
1065 3834 1284 3888 inconstantiam
1297 3850 1354 3888 non
1367 3850 1467 3886 sumus

343 3920 373 3974 in
398 3921 516 3992 singulis
542 3921 674 3986 vocibusr,
701 3923 752 3976 sed
778 3923 808 3975 in
840 3939 944 3992 genere
966 3920 1102 3975 universo
1129 3920 1239 3974 imitati.
1273 3918 1386 3973 Etenim
1411 3924 1466 3982 set,

344 4012 428 4075 aput,
454 4006 525 4060 haut
547 4022 586 4060 ac
601 4013 753 4075 praeterea
774 4007 838 4061 illut
861 4014 890 4061 et
912 4007 983 4061 aliut
1006 4022 1105 4074 roceo,
1132 4022 1168 4060 ne
1191 4005 1326 4059 memoria
1344 4005 1404 4058 eius
1422 4004 1468 4059 rei

345 4091 434 4146 omnis
452 4092 623 4156 aboleretur,
642 4096 654 4144 t
671 4093 768 4148 littera
785 4093 1007 4147 terminavimus

412 4178 433 4248 2)
454 4177 517 4242 Qua
538 4177 568 4229 in
591 4193 622 4230 re
646 4182 704 4231 tam
727 4179 862 4250 ambigua
882 4178 1031 4248 probanda
1049 4182 1093 4230 est
1110 4176 1196 4230 Keilii
1214 4174 1389 4244 constantia,
1415 4177 1469 4246 qui

317 4296 326 4307 ι
345 4262 451 4332 ubique
469 4262 579 4331 recepit
596 4262 777 4332 scripturam:
796 4263 882 4318 haud.
