3275 4984
724 398 1020 503 -ro-·'

264 609 365 691 Lng.
391 612 488 688 1868,
517 627 594 690 pgg.
618 613 658 674 63
688 625 734 690 sq.
758 614 789 672 et
812 612 883 672 259.
927 609 1022 672 'Nam
1052 627 1125 672 cum
1156 607 1392 691 orthographia

265 711 412 792 uulgaris
443 711 479 775 in
510 710 678 775 doctorum
709 709 879 774 hominum
910 730 1003 775 usum
1035 709 1214 775 secundum
1241 719 1392 790 quattuor

264 812 331 877 fere
362 813 449 878 solos
481 812 610 878 codices
642 814 754 890 hos¹tz
790 811 970 894 Vergilium
1000 812 1182 877 Mediceum
1215 812 1324 887 (sacci.
1351 813 1390 876 V.

268 916 307 979 of:
332 915 367 980 Ο.
390 915 548 982 Ribbeck.
566 917 661 997 Verg.
683 915 828 999 prolegg.
850 934 925 997 pgg.
948 919 1137 995 ars-2221,
1160 915 1392 980 Jnstitutiones

267 1017 330 1082 Gai
359 1017 468 1098 (saeol.
500 1018 555 1083 IV.
595 1019 657 1082 vel.
687 1019 754 1098 Vl,
789 1019 919 1082 Novum
950 1018 1196 1082 Testamentum
1229 1016 1392 1082 Fuldense

266 1126 356 1196 (ante
378 1119 461 1184 med.
485 1120 583 1184 saecl.
599 1121 653 1185 Vl.
668 1127 810 1200 exarat),
825 1120 966 1202 Digesta
980 1120 1172 1185 Florentina
1185 1119 1294 1197 (saecl.
1311 1120 1392 1197 VII.)

269 1223 391 1304 optime
414 1221 499 1288 disci
521 1243 618 1306 posse
631 1230 772 1305 putaret,
796 1241 870 1286 eum
892 1223 991 1305 plane
1006 1222 1131 1304 fugisse
1148 1222 1285 1302 videtur,
1308 1221 1392 1287 testi·

269 1325 381 1390 monia
402 1325 471 1404 illa,
493 1331 529 1389 ut
552 1332 627 1390 sunt
656 1332 688 1390 et
717 1331 826 1390 aetate
859 1331 891 1390 et
921 1325 1048 1407 origine
1069 1324 1212 1388 maxime
1240 1324 1327 1389 inter
1356 1342 1392 1388 se

252 1411 415 1509 diversa,
446 1428 475 1494 si
499 1427 597 1492 anxie
620 1425 663 1492 ad
684 1427 907 1492 renovandam
939 1434 1085 1492 veterum
1111 1425 1277 1493 scribendi
1299 1425 1393 1491 ratio-

271 1550 344 1594 nem
368 1531 650 1613 amplecteremur,
681 1530 823 1595 futurum
846 1550 930 1612 esse,
961 1537 997 1596 ut
1019 1530 1156 1613 turpiter
1177 1527 1295 1608 mixta,
1326 1548 1392 1593 non

272 1632 406 1713 similis,
437 1632 557 1697 nedum
585 1654 663 1697 vera
686 1640 718 1697 et
744 1633 890 1699 cuiusvis
922 1633 1091 1716 scriptoris
1120 1632 1254 1715 propria
1285 1631 1391 1696 ortho-

270 1736 410 1818 graphia
433 1735 612 1801 exsisteret.
657 1734 767 1813 Quid?
796 1735 884 1817 quod
905 1735 1137 1800 Lachmannus
1159 1733 1335 1799 fidissimos
1356 1733 1392 1797 in

248 1881 251 1890 ·
270 1838 366 1903 rebus
389 1839 652 1922 orthographicis
675 1844 789 1919 testes,
812 1838 1044 1921 inscriptiones
1071 1843 1103 1902 et
1124 1842 1269 1901 veterum
1292 1856 1395 1918 gram-

271 1940 463 2005 maticorum
486 1941 648 2024 exempla,
679 1941 708 2006 si
730 1942 839 2006 minus
861 1961 993 2025 prorsus
1016 1940 1223 2022 neglegebat,
1250 1947 1285 2004 at
1308 1945 1393 2003 certe

270 2062 336 2107 non
358 2062 440 2120 eam,
461 2063 558 2124 quam
581 2064 642 2126 par
663 2050 721 2119 est,
743 2043 785 2108 iis
808 2043 973 2108 tribuebat
995 2041 1248 2109 auctoritatem?
1261 2042 1295 2127 ⁹).

357 2145 463 2226 Atque
476 2151 589 2210 notum
604 2151 653 2210 est
669 2144 812 2211 studium
836 2145 918 2210 illud
941 2167 961 2210 a
975 2145 1187 2210 Lachmanno
1205 2143 1394 2209 incohatum

271 2246 349 2312 artis
389 2248 523 2312 criticae
555 2268 621 2313 non
651 2249 685 2312 in
725 2235 965 2314 constituendis
997 2249 1102 2314 solum
1139 2247 1197 2314 sed
1229 2247 1328 2312 etiam
1358 2247 1393 2310 in

272 2348 456 2415 scribendis
485 2351 594 2416 verbis
628 2351 831 2416 exercendae
860 2373 881 2416 a
911 2350 1098 2416 Friederico
1134 2349 1314 2416 Ritschelio
1351 2347 1394 2413 ad

273 2458 395 2516 tantam
423 2453 656 2536 perfectionem
689 2473 762 2519 esse
789 2452 982 2533 deductum,
1012 2461 1048 2518 ut
1071 2453 1164 2518 illum
1186 2472 1219 2517 re
1251 2473 1329 2518 vera
1351 2452 1396 2516 in-

273 2554 497 2636 signissimum
528 2556 782 2639 orthographiae
817 2564 1031 2622 correctorem
1062 2556 1241 2640 praedices.
1310 2557 1395 2620 Nam

273 2676 371 2738 quam
393 2677 547 2741 prospere
570 2659 736 2738 omnibus,
768 2666 925 2742 quotquot
947 2666 1077 2742 praesto
1101 2667 1192 2738 sunt,
1222 2658 1397 2724 vetustatis

272 2759 430 2826 fontibus:
452 2761 732 2845 inscriptionibus,
754 2763 906 2843 nummis,
929 2762 1142 2846 scriptoribus
1165 2761 1398 2844 grammaticis,

272 2862 366 2928 libris
389 2883 488 2929 manu
511 2865 643 2948 scriptis
665 2865 721 2929 via
752 2884 790 2929 ac
821 2866 949 2930 ratione
979 2865 1149 2930 arcessitis
1169 2863 1344 2948 profecerit
1366 2871 1398 2928 et

272 2965 308 3030 in
330 2985 450 3047 genere
473 2967 725 3050 orthographico
760 2974 793 3032 et
822 2968 857 3031 in
888 2969 988 3033 totius
1018 2967 1194 3032 latinitatis
1225 2966 1398 3050 perraria

274 3069 407 3134 saecula
429 3069 715 3152 progressionibus
728 3071 860 3154 penitus
883 3070 1130 3152 cognoscendis,
1153 3088 1226 3133 cum
1241 3089 1281 3134 ex
1310 3067 1398 3132 haud

274 3173 388 3257 paucis
427 3161 664 3254 Opusculorum
709 3173 958 3254 quaestionibus
1000 3173 1224 3255 grammaticis
1269 3179 1300 3236 et
1336 3170 1398 3254 epi-

275 3276 444 3358 graphicis
472 3277 554 3342 satis
585 3276 740 3360 adparet,
770 3284 839 3343 tum
869 3296 909 3341 ex
946 3277 1193 3358 Prolegomenis
1220 3273 1263 3340 ad
1289 3275 1398 3340 Plauti

274 3379 363 3444 Trin.
377 3385 409 3443 et
422 3379 556 3444 Priscae
574 3380 749 3445 latinitatis
764 3381 927 3461 thesauro,
950 3380 1043 3444 ouius
1056 3379 1241 3443 tabularum
1255 3378 1289 3442 in
1304 3397 1399 3442 enna-

343 3565 363 3634 1)
384 3564 538 3618 Comment.
562 3565 592 3617 in
609 3565 724 3619 Lucret.
751 3583 798 3635 pg.
818 3569 879 3619 203:
908 3565 1055 3618 Habemus
1078 3569 1173 3618 autem
1196 3563 1242 3618 hie
1267 3569 1398 3616 auctores

273 3667 329 3704 non
351 3649 550 3720 grammaticos
578 3668 661 3706 verae
687 3651 806 3704 rationis
829 3651 957 3721 ignaros,
980 3649 1031 3703 sed
1055 3666 1103 3703 eos
1130 3649 1232 3710 libros,
1256 3665 1272 3702 o
1296 3648 1398 3718 quibus

273 3736 475 3806 orthographia
505 3737 632 3807 vulgaris
662 3736 768 3806 optime
803 3736 873 3790 disci
907 3741 1016 3805 potest,
1047 3734 1203 3805 Vergilium
1232 3733 1398 3796 Mediceum,

273 3822 465 3877 institutiones
479 3822 542 3888 Gai,
560 3839 664 3876 novum
682 3827 884 3876 testamentum
897 3821 1040 3875 Fuldense
1058 3838 1075 3874 a
1093 3837 1137 3874 me
1155 3819 1270 3884 editum,
1289 3819 1400 3890 digesta

275 3909 450 3964 Florentina.

342 3996 364 4062 2)
383 3994 561 4063 Brambach,
587 3994 605 4048 l.
624 3994 649 4062 l,
675 4011 721 4064 pg.
747 3997 793 4047 64:
822 3993 890 4047 Man
916 3993 994 4047 kann
1020 4009 1050 4046 es
1076 3991 1154 4044 nicht
1180 3992 1313 4060 leuguen,
1334 3990 1400 4043 dass

274 4079 439 4134 Lachmann
461 4080 633 4134 namentlich
656 4079 701 4133 die
726 4079 937 4134 Grammatilrer
963 4097 998 4132 zu
1025 4077 1125 4148 garing
1151 4076 1262 4140 taxirte‚
1290 4075 1401 4130 obwohl

275 4165 331 4234 sie,
363 4172 439 4220 trotz
473 4166 551 4220 ihrer
579 4165 790 4236 mangelhaften
818 4165 947 4219 Einsicht
975 4165 1005 4218 in
1039 4164 1084 4218 die
1119 4162 1401 4232 Sprachgesehiehte,

275 4253 445 4323 wenigstens
469 4252 524 4306 die
547 4251 799 4321 sprachlichen
823 4251 1046 4305 Thatsaehen
1074 4249 1208 4314 besser,
1234 4247 1314 4301 weil
1341 4248 1401 4302 be·

275 4344 397 4403 uuest,
416 4339 552 4403 lehren,
571 4338 621 4392 als
639 4337 753 4392 selbst
771 4337 825 4391 die
843 4338 969 4391 besten
986 4333 1280 4390 Handschriften.
