3275 4984
645 463 853 523 „29-

269 627 411 693 clatra
443 633 471 706 5,
503 633 531 707 5,
564 633 604 692 74
635 626 816 694 Beroaldus
843 647 883 692 ex
913 628 1016 693 caltra
1038 627 1180 694 NFDV
1203 627 1309 692 cultra

183 727 254 793 Vm.
279 733 306 809 2,
331 729 417 813 quod
439 730 538 812 vulgo
561 729 729 813 profitetur
751 732 969 797 masculinnm
992 751 1096 814 genus
1113 751 1200 797 num.
1213 730 1310 814 plur:

180 831 333 912 clatri,
356 853 454 915 quarn
477 831 667 898 declinandi
689 833 851 899 rationem
873 834 1135 900 commendatam
1157 833 1308 899 videmus
1357 894 1362 915 ,

182 955 203 998 a
227 933 333 1018 Capro
357 934 398 1001 de
421 936 561 1018 orthogr.
584 936 656 1016 VII,
678 954 730 1018 pg.
757 941 825 1002 108.

273 1037 423 1120 Denique
446 1037 604 1104 adversus
619 1039 825 1104 usitatiorem
847 1039 1017 1122 rationem,
1041 1058 1081 1104 ex
1103 1060 1168 1123 qua
1189 1058 1308 1105 nomen

184 1139 442 1206 substantivumt

268 1243 482 1308 insomnia
521 1243 824 1326 (Scblaflosigkeit)
855 1245 974 1327 singul.
1014 1265 1123 1327 gener.
1156 1245 1307 1310 feminini

182 1363 256 1410 esse
279 1345 370 1424 solet,
394 1366 415 1409 a
436 1345 605 1428 Propertio
635 1347 756 1430 plurali
785 1367 870 1413 num.
892 1354 995 1412 nentr.
1026 1367 1099 1430 gen.
1121 1347 1305 1412 adhibitum

183 1449 341 1512 occurrit:

272 1551 352 1616 Oum
376 1551 457 1616 satis
487 1571 553 1616 una
580 1550 645 1616 tuis
667 1551 834 1617 insomnia
863 1559 969 1635 portet
996 1551 1110 1617 ocellis
1133 1557 1161 1633 3,
1184 1557 1233 1631 25,
1257 1558 1307 1616 47.

183 1652 231 1716 Of.
258 1651 345 1719 Serv.
369 1652 411 1717 ad
433 1654 512 1718 Aen.
536 1654 580 1719 IV
604 1659 639 1735 93
661 1655 689 1718 V
713 1657 784 1718 840.

725 1911 765 1976 E.

267 2045 461 2128 Priusquam
491 2054 695 2113 transeamus
726 2048 768 2112 ad
797 2049 1076 2131 coniugationem,
1109 2050 1224 2132 paucis
1255 2068 1305 2114 ex-

183 2167 361 2231 ponamus,
402 2149 481 2234 quid
513 2149 553 2214 de
589 2150 729 2215 flexione
767 2153 994 2235 pronominum
1026 2150 1223 2216 monendum
1255 2153 1308 2234 sit,

181 2251 217 2314 in
241 2252 358 2333 quibus
381 2250 517 2333 perinde
539 2258 637 2335 atque
650 2253 685 2317 in
705 2255 891 2321 nominibus
907 2254 1123 2320 substantivis
1138 2255 1191 2320 vel
1210 2274 1310 2319 aurea

183 2359 293 2418 aetate
314 2354 403 2419 haud
425 2355 473 2419 ita
495 2375 621 2438 paucae
644 2364 871 2422 remanserunt
893 2357 1012 2421 veteris
1028 2357 1128 2423 moris
1142 2356 1310 2440 reliquiae.

183 2455 279 2533 Quod
302 2457 509 2539 potissimum
532 2457 671 2540 quadrat
693 2459 728 2522 in
750 2459 946 2541 pronomina
968 2458 1146 2536 adiectiva,
1173 2479 1309 2541 quorum

183 2577 257 2622 cum
282 2559 454 2640 genetivus
482 2567 513 2624 et
540 2559 671 2625 dativus
706 2560 824 2643 singul.
855 2581 942 2626 num.
973 2561 1213 2644 antiquioribus
1236 2568 1312 2626 tem·
1415 2626 1417 2630 ,

182 2661 318 2744 poribus
341 2661 541 2745 frequentius
565 2663 728 2728 secundae
751 2663 803 2729 vel
827 2664 862 2728 in
885 2663 1043 2729 feminino
1066 2665 1193 2745 primae
1215 2664 1311 2729 decli-

180 2764 327 2830 nationis
361 2765 519 2829 rationem
555 2769 813 2848 sequerentur1),
854 2768 1047 2848 Augustano
1085 2774 1194 2831 tamen
1224 2786 1305 2832 aevo

182 2867 309 2931 formae
332 2867 477 2948 genetivi
500 2875 532 2933 et
554 2867 659 2934 dativi
682 2869 826 2934 omniurn
850 2888 1013 2951 generum,
1045 2869 1171 2952 quales:
1210 2871 1307 2934 unius

181 2969 241 3032 uni
263 2969 368 3050 simil,
392 2970 536 3052 expolita
559 2969 690 3034 dicendi
714 2971 950 3037 consuetudine
973 2972 1140 3037 stabilitae
1163 2979 1264 3036 erant.

270 3072 493 3154 Propertianis
517 3080 630 3138 contra
661 3074 696 3138 in
719 3075 848 3156 elegiis·
863 3096 929 3140 non
961 3074 1066 3141 solum
1095 3075 1235 3139 occurrit
1257 3073 1310 3139 da·

181 3175 283 3241 tivus:
306 3174 499 3254 nullaezp
522 3195 605 3239 omn.
630 3175 723 3241 codd.

271 3276 376 3354 Quam
399 3296 498 3360 supra
519 3277 630 3343 nullae
645 3277 832 3360 pendebant
847 3278 959 3344 debita
973 3298 1051 3344 cura
1066 3285 1123 3343 eto.
1144 3284 1170 3357 1,
1189 3284 1238 3355 20,
1258 3283 1308 3355 35,

182 3378 243 3445 sed
266 3381 365 3445 etiam
388 3379 472 3445 dat:
496 3387 580 3446 toto
604 3402 687 3446 omn.
713 3382 804 3447 oodd.

415 3490 482 3548 toto
506 3503 590 3566 quae
612 3483 779 3565 praesidet
801 3484 873 3549 orbi
896 3491 927 3565 4,
955 3490 1003 3567 11,
1028 3491 1077 3549 57.

269 3584 315 3649 ot
340 3592 460 3666 genet:
483 3585 540 3650 uni
556 3585 643 3670 apud
658 3586 821 3652 Catullum
838 3587 943 3670 XVII,
971 3593 1017 3652 17.
1062 3587 1209 3652 Aliorum
1226 3588 1307 3653 eius-

182 3685 256 3751 dem
275 3686 342 3750 fere
353 3687 471 3753 aetatis
486 3688 678 3772 scriptorum
695 3689 818 3754 similia
828 3689 978 3772 exempla
994 3689 1126 3771 collegit
1139 3691 1255 3770 Neue2,
1268 3691 1311 3767 ΙΙ,

180 3808 236 3873 pg.
260 3793 321 3854 253
348 3810 394 3872 sq.

250 3991 269 4062 ¹)
291 3992 400 4046 Charis.
418 4011 465 4063 pg.
486 3997 542 4048 159.
562 4025 594 4033 —
613 3995 758 4063 Priscian,
776 4013 842 4066 pgg.
863 3999 920 4062 196,
940 3999 997 4048 131.

249 4078 270 4147 ²)
290 4079 472 4133 Rectisssime
498 4079 729 4150 Hertzbcrgium,
766 4086 888 4151 quaesit.
916 4080 999 4150 Prop.
1030 4080 1071 4148 II,
1098 4098 1145 4150 pg.
1173 4083 1221 4133 175
1249 4096 1308 4133 rem

179 4162 353 4217 intellexisse
371 4170 449 4233 puto,
469 4181 532 4217 oum
549 4171 741 4234 praemoneat,
759 4172 873 4236 poetam
891 4172 1019 4219 nostrum
1037 4165 1089 4234 „de
1106 4165 1254 4234 industria,
1272 4182 1308 4219 ne

180 4248 291 4303 sonitus
317 4249 493 4319 perderetur,
518 4249 716 4304 insolentiores
741 4258 769 4305 ot
788 4250 932 4305 obsoletas
955 4251 1106 4306 verborum
1128 4250 1233 4305 formas
1255 4267 1309 4320 pro

179 4334 296 4390 usitatis
316 4335 391 4388 etin
409 4335 501 4389 medio
520 4335 620 4405 positis
640 4337 843 4391 arcessivisso.“
932 4406 935 4409 Ι
