3275 4984
674 430 886 489 -11-

213 601 316 667 sativi
345 619 515 685 perperam
538 599 670 665 formati
702 619 801 664 unum
829 599 1012 681 exemplum
1039 601 1117 665 novi
1146 600 1338 666 Euhadnem

218 717 257 784 1²7
282 701 411 768 euadne‘
434 704 474 768 bo
497 703 577 768 Aen.
598 704 652 778 Vl,
676 708 747 765 447.

299 807 381 871 ltem
408 806 577 871 nominum
606 803 906 888 patronymicorum
920 809 942 883 ¹)
981 806 1190 871 arousatirus
1221 824 1339 887 graeca

213 910 343 974 ratione
365 927 453 991 per-n
477 908 635 973 formatus
659 915 766 971 oertus
796 912 884 972 stare
906 905 1044 972 videtur.
1089 909 1185 973 Metti
1207 907 1339 989 quidem

215 1011 308 1094 leges
331 1018 363 1076 et
386 1011 478 1076 oodd.
503 1030 682 1076 consensus
705 1015 836 1075 tuentur
855 1009 962 1074 looum
985 1011 1087 1075 huno:
1205 1012 1206 1016 ’

301 1114 474 1179 Ixioniden
502 1118 530 1191 2,
561 1119 589 1187 1,
621 1112 915 1193 sememonten,
947 1113 1063 1177 Baehr.
1086 1113 1342 1198 hyxionidenA

216 1216 401 1282 enionidem
426 1216 497 1296 thir
520 1236 551 1279 m
575 1216 656 1295 1111

302 1319 472 1384 Librorum
508 1339 606 1384 manu
638 1316 832 1400 scriptorum
860 1318 932 1382 sola
961 1317 1157 1383 auctoritate
1187 1319 1269 1384 satis
1292 1319 1342 1382 fir·

218 1428 326 1486 matae
347 1422 552 1505 reperiuntur
574 1421 638 1485 hae
660 1421 796 1485 formae:

302 1524 490 1590 Aesoniden
520 1531 554 1602 1,
580 1529 635 1603 15,
670 1529 708 1587 17
732 1523 809 1589 Luo.
831 1523 960 1604 Miller,
990 1524 1106 1588 Baehr.
1134 1523 1291 1590 esoniden
1314 1525 1343 1587 A

216 1626 378 1693 enoniden
401 1629 427 1692 F
450 1625 623 1692 exonidem
645 1627 675 1689 D
699 1625 868 1692 esonidem
891 1625 927 1690 V.

303 1729 440 1795 Alciden
464 1737 491 1810 5,
515 1735 544 1806 9,
567 1734 606 1796 38
630 1729 705 1793 Luo.
729 1730 777 1810 M,
800 1728 949 1794 Aloidem
966 1728 1082 1793 Baehr.
1105 1728 1300 1794 0101110111Ἰ
1316 1731 1343 1795 V

217 1833 325 1897 aleide
348 1834 386 1897 D.
1312 1845 1315 1850 “

303 1934 533 2000 Menoetiaden
550 1940 577 2016 2,
597 1941 622 2014 1,
646 1940 686 2000 38
700 1936 776 2000 Luo.
795 1937 845 2016 Μ,
868 1935 983 2000 Baehr.
998 1934 1212 2001 meneoiaden
1228 1936 1259 2000 N
1274 1936 1344 2000 AV

217 2037 432 2102 meneaeiden
456 2038 485 2102 D
505 2039 531 2102 F
554 2039 663 2116 (huius
686 2057 748 2120 mg.
772 2036 982 2118 meneoiade).

305 2141 413 2218 Quare
450 2160 522 2205 enm
554 2141 671 2206 ceteris
701 2141 783 2206 loois
804 2140 878 2226 *fere
909 2141 1117 2207 consentiant
1148 2139 1278 2206 oodioes
1310 2141 1344 2204 in

218 2244 381 2326 scriptura
403 2264 500 2327 per-n,
523 2243 715 2309 Baehrensii
736 2244 980 2310 inconstantiae
1002 2244 1093 2309 nullo
1116 2242 1212 2309 modo
1235 2263 1346 2310 assen-

219 2345 367 2410 tiendum
395 2353 453 2427 est,
481 2347 536 2428 qui
567 2347 629 2412 etsi
652 2346 800 2430 scripsit:
831 2347 1035 2427 Aesoniden,
1065 2346 1248 2427 Ixioniden,
1279 2347 1344 2411 Me·

218 2448 404 2532 noetiaden,
428 2457 538 2514 tamen
555 2457 582 2531 5,
606 2455 677 2531 838
696 2458 829 2534 propter
846 2450 1216 2535 oodieumsoripturam:
1239 2448 1346 2515 aleide

218 2554 374 2630 FVN²t
397 2553 504 2618 aleide
526 2555 555 2617 D
579 2553 614 2618 in
637 2561 728 2618 textu
750 2555 920 2638 probavit:
942 2555 1108 2620 Aleidem:

304 2655 365 2720 1110
388 2676 449 2738 ego
473 2676 557 2721 sum:
580 2656 728 2721 Aleidem
752 2665 839 2722 terra
861 2665 993 2741 recepta
1015 2666 1121 2723 vocat.

305 2759 526 2824 Morositatem
549 2760 657 2842 potins
673 2780 731 2842 pro
745 2767 812 2824 tam
827 2760 969 2826 retentis
992 2761 1130 2842 originis
1143 2759 1238 2825 libris
1260 2759 1346 2823 hane

220 2861 395 2928 novissimi
411 2861 546 2928 editoris
560 2863 720 2926 rationem
738 2863 893 2947 appelles,
916 2883 1012 2944 quam
1029 2861 1071 2928 ad
1088 2863 1186 2928 fidem
1198 2860 1345 2928 codicum

221 2963 414 3030 reeensendi
437 2962 654 3046 diligentiam.

310 3068 379 3132 Neo
402 3067 510 3134 minus
533 3068 567 3132 in
583 3068 798 3134 nominativis
814 3076 945 3151 praeter
958 3068 1075 3133 Atrida
1093 3073 1121 3150 3,
1147 3074 1194 3148 14,
1220 3074 1234 3131 1
1260 3087 1347 3133 oens.

223 3168 314 3235 oodd.
337 3176 369 3235 et
392 3171 487 3235 metri
509 3171 637 3254 legibus
660 3171 837 3236 firmatum:

291 3290 313 3357 ¹)
331 3289 374 3344 Cf.
392 3290 462 3344 Luo.
480 3291 599 3355 Mtiller„
615 3290 661 3345 De
678 3306 709 3344 re
726 3290 854 3358 metrica,
870 3308 917 3362 pg.
937 3295 996 3345 389.
1070 3280 1072 3283 ’

290 3375 311 3445 2)
330 3375 376 3430 De
393 3376 535 3446 scriptura
554 3376 644 3430 alcide
663 3376 768 3430 codicis
786 3375 813 3431 N
834 3376 867 3430 of.
887 3377 1031 3445 Grumme‚
1052 3377 1097 3430 De
1116 3376 1261 3430 oodioibus
1279 3375 1348 3429 Pro-

223 3459 367 3529 pertianis,
391 3460 575 3532 Groningano
600 3468 630 3515 et
652 3461 851 3532 Neapolitano,
872 3463 995 3531 Aurioh‚
1021 3466 1095 3527 1868,
1121 3480 1166 3533 pg.
1187 3466 1232 3515 13:
1262 3461 1348 3516 Cuius

225 3545 338 3615 quidem
355 3546 463 3602 formae
482 3547 637 3602 accusativi
655 3547 807 3618 singularis
826 3548 898 3601 falso
917 3548 947 3602 in
964 3567 992 3601 m
1004 3548 1147 3603 terminati
1159 3566 1246 3601 unum
1259 3564 1348 3602 exem-

223 3632 301 3701 plum
321 3632 406 3686 etiam
423 3633 452 3686 in
470 3633 542 3688 libro
562 3633 753 3703 Neapolitano
771 3634 865 3688 inesse
883 3634 1002 3689 videtur.
1037 3634 1160 3688 Exhibet
1185 3634 1258 3687 enim
1283 3638 1307 3699 5,
1326 3638 1351 3698 9,

224 3719 257 3770 83
276 3716 442 3787 010111ἓ,01)1
460 3718 661 3789 Groninganus
685 3719 774 3773 habet
796 3719 923 3774 alcidem.
959 3720 1016 3775 Sed
1044 3736 1129 3790 quum
1156 3718 1351 3788 compendium

224 3803 302 3872 illud,
327 3821 382 3874 qno
411 3804 440 3857 in
463 3804 632 3859 membranis
654 3805 681 3860 N
703 3805 873 3859 vocabulum
897 3805 1033 3874 seriptum
1055 3811 1106 3870 est,
1128 3804 1218 3859 literis
1240 3822 1268 3857 m
1286 3813 1315 3859 et
1332 3825 1351 3859 n

224 3889 415 3960 promiscuum
433 3891 471 3944 sit
489 3907 633 3961 quumque
649 3891 679 3945 in
693 3891 793 3946 eodem
807 3891 868 3946 eod.
881 3891 1011 3945 omnibus
1022 3890 1139 3961 reliquis
1151 3891 1229 3960 loeis,
1249 3890 1351 3962 quibus

226 3976 406 4030 aecusativus
432 3977 484 4047 sgl.
511 3976 631 4031 nominis
658 3975 849 4048 patronymioi
876 3976 980 4031 Graeci
1006 3977 1126 4048 legitur,
1151 3977 1243 4030 forma
1274 3977 1303 4030 in
1332 3995 1351 4029 n

227 4061 358 4115 desinens
376 4061 546 4129 inveniatur,
563 4061 709 4116 librarium
734 4079 805 4130 eum,
825 4060 873 4132 qui
885 4062 992 4132 primus
1005 4061 1152 4132 seripserit
1163 4061 1254 4116 alolde
1267 4062 1352 4132 signi·

226 4145 313 4200 ficare
340 4147 463 4202 voluisse
490 4147 601 4202 alciden
629 4147 826 4203 veridissimile
853 4164 910 4201 non
939 4147 1052 4202 videtur
1079 4165 1150 4203 esse.
1185 4149 1351 4203 Rectissime

227 4232 341 4302 quidem
363 4233 488 4287 editores
510 4239 578 4302 post
600 4232 814 4288 Lachmannum
838 4250 934 4288 omnes
961 4240 1076 4304 praeter
1099 4234 1240 4289 Jaoobum
1266 4235 1352 4305 serip-

227 4323 326 4373 serunt
343 4318 471 4374 Alciden.
