<?xml version="1.0" encoding="UTF-8"?>
<!DOCTYPE html PUBLIC "-//W3C//DTD XHTML 1.0 Transitional//EN"
    "http://www.w3.org/TR/xhtml1/DTD/xhtml1-transitional.dtd">
<html xmlns="http://www.w3.org/1999/xhtml" xml:lang="en" lang="en">
 <head>
  <title>
</title>
<meta http-equiv="Content-Type" content="text/html;charset=utf-8" />
  <meta name='ocr-system' content='tesseract 3.04.00' />
  <meta name='ocr-capabilities' content='ocr_page ocr_carea ocr_par ocr_line ocrx_word'/>
</head>
<body>
  <div class='ocr_page' id='page_1' title='image "./inpropertiumqua01heymgoog_0013.png"; bbox 0 0 3275 4984; ppageno 0'>
   <div class='ocr_carea' id='block_1_1' title="bbox 638 417 828 476">
    <p class='ocr_par' dir='ltr' id='par_1_1' title="bbox 638 417 828 476">
     <span class='ocr_line' id='line_1_1' title="bbox 638 417 828 476; baseline -0.005 -16"><span class='ocrx_word' id='word_1_1' title='bbox 638 417 828 476; x_wconf 57' lang='lat'>..9-</span> 
     </span>
    </p>
   </div>
   <div class='ocr_carea' id='block_1_2' title="bbox 161 581 1297 3216">
    <p class='ocr_par' dir='ltr' id='par_1_2' title="bbox 161 581 1296 1280">
     <span class='ocr_line' id='line_1_2' title="bbox 237 581 1294 665; baseline 0.001 -18"><span class='ocrx_word' id='word_1_2' title='bbox 237 584 321 660; x_wconf 19' lang='lat' dir='ltr'>*Nec</span> <span class='ocrx_word' id='word_1_3' title='bbox 346 584 453 650; x_wconf 89' lang='lat' dir='ltr'>minus</span> <span class='ocrx_word' id='word_1_4' title='bbox 477 584 512 648; x_wconf 95' lang='lat' dir='ltr'>in</span> <span class='ocrx_word' id='word_1_5' title='bbox 535 583 661 648; x_wconf 89' lang='lat' dir='ltr'>duobus</span> <span class='ocrx_word' id='word_1_6' title='bbox 684 581 873 647; x_wconf 92' lang='lat' dir='ltr'>nominibus</span> <span class='ocrx_word' id='word_1_7' title='bbox 895 582 1050 665; x_wconf 86' lang='lat' dir='ltr'>propriis,</span> <span class='ocrx_word' id='word_1_8' title='bbox 1079 603 1164 665; x_wconf 89' lang='lat' dir='ltr'>quae</span> <span class='ocrx_word' id='word_1_9' title='bbox 1186 583 1294 648; x_wconf 82' lang='lat' dir='ltr'>Attico</span> 
     </span>
     <span class='ocr_line' id='line_1_3' title="bbox 163 684 1295 769; baseline 0.001 -21"><span class='ocrx_word' id='word_1_10' title='bbox 163 703 316 750; x_wconf 81' lang='lat' dir='ltr'>sermone</span> <span class='ocrx_word' id='word_1_11' title='bbox 338 687 543 752; x_wconf 89' lang='lat' dir='ltr'>nominativo</span> <span class='ocrx_word' id='word_1_12' title='bbox 574 686 632 768; x_wconf 80' lang='lat' dir='ltr'>sgl.</span> <span class='ocrx_word' id='word_1_13' title='bbox 656 689 673 744; x_wconf 78' lang='grc' dir='ltr'><em>ἆ</em></span> <span class='ocrx_word' id='word_1_14' title='bbox 699 685 857 769; x_wconf 80' lang='lat' dir='ltr'>praebent</span> <span class='ocrx_word' id='word_1_15' title='bbox 888 684 1067 768; x_wconf 91' lang='lat' dir='ltr'>eademque</span> <span class='ocrx_word' id='word_1_16' title='bbox 1098 686 1169 751; x_wconf 91' lang='lat' dir='ltr'>sola</span> <span class='ocrx_word' id='word_1_17' title='bbox 1192 686 1295 750; x_wconf 92' lang='lat' dir='ltr'>termi·</span> 
     </span>
     <span class='ocr_line' id='line_1_4' title="bbox 162 787 1296 870; baseline 0.003 -21"><span class='ocrx_word' id='word_1_18' title='bbox 162 787 302 852; x_wconf 88' lang='lat' dir='ltr'>natione</span> <span class='ocrx_word' id='word_1_19' title='bbox 325 788 366 853; x_wconf 90' lang='lat' dir='ltr'>ab</span> <span class='ocrx_word' id='word_1_20' title='bbox 390 789 540 855; x_wconf 90' lang='lat' dir='ltr'>omnibus</span> <span class='ocrx_word' id='word_1_21' title='bbox 564 789 630 853; x_wconf 90' lang='lat' dir='ltr'>fere</span> <span class='ocrx_word' id='word_1_22' title='bbox 661 807 779 852; x_wconf 89' lang='lat' dir='ltr'>aureae</span> <span class='ocrx_word' id='word_1_23' title='bbox 803 789 922 854; x_wconf 88' lang='lat' dir='ltr'>aetatis</span> <span class='ocrx_word' id='word_1_24' title='bbox 945 787 1159 870; x_wconf 80' lang='lat' dir='ltr'>scriptoribus</span> <span class='ocrx_word' id='word_1_25' title='bbox 1181 788 1216 852; x_wconf 92' lang='lat' dir='ltr'>in</span> <span class='ocrx_word' id='word_1_26' title='bbox 1239 789 1296 852; x_wconf 94' lang='lat' dir='ltr'>lin-</span> 
     </span>
     <span class='ocr_line' id='line_1_5' title="bbox 165 891 1294 975; baseline 0.004 -23"><span class='ocrx_word' id='word_1_27' title='bbox 165 907 268 970; x_wconf 82' lang='lat' dir='ltr'>guam</span> <span class='ocrx_word' id='word_1_28' title='bbox 284 891 437 956; x_wconf 79' lang='lat' dir='ltr'>Latinam</span> <span class='ocrx_word' id='word_1_29' title='bbox 451 895 585 975; x_wconf 83' lang='lat' dir='ltr'>recepta</span> <span class='ocrx_word' id='word_1_30' title='bbox 601 899 684 971; x_wconf 76' lang='lat' dir='ltr'>sunt,</span> <span class='ocrx_word' id='word_1_31' title='bbox 708 891 882 956; x_wconf 87' lang='lat' dir='ltr'>elitteram</span> <span class='ocrx_word' id='word_1_32' title='bbox 905 891 1056 956; x_wconf 88' lang='lat' dir='ltr'>omnibus</span> <span class='ocrx_word' id='word_1_33' title='bbox 1070 891 1294 974; x_wconf 89' lang='lat' dir='ltr'>Propertianis</span> 
     </span>
     <span class='ocr_line' id='line_1_6' title="bbox 165 992 1295 1077; baseline 0.004 -22"><span class='ocrx_word' id='word_1_34' title='bbox 165 992 339 1059; x_wconf 81' lang='lat' dir='ltr'>codicibus</span> <span class='ocrx_word' id='word_1_35' title='bbox 362 994 543 1058; x_wconf 84' lang='lat' dir='ltr'>exhibitam</span> <span class='ocrx_word' id='word_1_36' title='bbox 571 993 737 1060; x_wconf 86' lang='lat' dir='ltr'>videmus:</span> <span class='ocrx_word' id='word_1_37' title='bbox 770 992 838 1059; x_wconf 90' lang='lat' dir='ltr'>scil.</span> <span class='ocrx_word' id='word_1_38' title='bbox 869 994 1102 1077; x_wconf 82' lang='lat' dir='ltr'>Hypermestre</span> <span class='ocrx_word' id='word_1_39' title='bbox 1132 999 1161 1068; x_wconf 83' lang='lat'>5,</span> <span class='ocrx_word' id='word_1_40' title='bbox 1188 999 1216 1069; x_wconf 82' lang='grc'>7,</span> <span class='ocrx_word' id='word_1_41' title='bbox 1239 998 1295 1069; x_wconf 87' lang='grc'>63;</span> 
     </span>
     <span class='ocr_line' id='line_1_7' title="bbox 161 1095 1293 1180; baseline 0.002 -22"><span class='ocrx_word' id='word_1_42' title='bbox 161 1099 204 1158; x_wconf 82' lang='grc'>67</span> <span class='ocrx_word' id='word_1_43' title='bbox 238 1095 427 1179; x_wconf 90' lang='lat' dir='ltr'>ipermestre</span> <span class='ocrx_word' id='word_1_44' title='bbox 458 1098 498 1178; x_wconf 82' lang='lat' dir='ltr'>F,</span> <span class='ocrx_word' id='word_1_45' title='bbox 530 1097 775 1180; x_wconf 87' lang='lat' dir='ltr'>hypermestrac</span> <span class='ocrx_word' id='word_1_46' title='bbox 812 1102 888 1171; x_wconf 88' lang='lat' dir='ltr'>cet.;</span> <span class='ocrx_word' id='word_1_47' title='bbox 922 1095 1097 1161; x_wconf 85' lang='lat' dir='ltr'>Parthenio</span> <span class='ocrx_word' id='word_1_48' title='bbox 1125 1102 1152 1174; x_wconf 89' lang='lat'>5,</span> <span class='ocrx_word' id='word_1_49' title='bbox 1186 1102 1213 1172; x_wconf 86' lang='lat'>7,</span> <span class='ocrx_word' id='word_1_50' title='bbox 1244 1102 1293 1160; x_wconf 88' lang='grc'>74.</span> 
     </span>
     <span class='ocr_line' id='line_1_8' title="bbox 161 1200 583 1280; baseline 0.002 -19"><span class='ocrx_word' id='word_1_51' title='bbox 161 1217 236 1262; x_wconf 92' lang='lat' dir='ltr'>voc.</span> <span class='ocrx_word' id='word_1_52' title='bbox 258 1200 387 1264; x_wconf 85' lang='lat' dir='ltr'>Nesaee</span> <span class='ocrx_word' id='word_1_53' title='bbox 410 1205 437 1280; x_wconf 86' lang='lat'>3,</span> <span class='ocrx_word' id='word_1_54' title='bbox 462 1205 512 1277; x_wconf 90' lang='grc'>26,</span> <span class='ocrx_word' id='word_1_55' title='bbox 537 1205 583 1265; x_wconf 89' lang='grc'>16.</span> 
     </span>
    </p>

    <p class='ocr_par' dir='ltr' id='par_1_3' title="bbox 161 1300 1295 1996">
     <span class='ocr_line' id='line_1_9' title="bbox 252 1300 1293 1382; baseline -0.002 -16"><span class='ocrx_word' id='word_1_56' title='bbox 252 1300 333 1366; x_wconf 82' lang='lat' dir='ltr'>Cum</span> <span class='ocrx_word' id='word_1_57' title='bbox 362 1303 469 1368; x_wconf 89' lang='lat' dir='ltr'>minus</span> <span class='ocrx_word' id='word_1_58' title='bbox 498 1301 701 1367; x_wconf 88' lang='lat' dir='ltr'>offendamur</span> <span class='ocrx_word' id='word_1_59' title='bbox 723 1301 953 1366; x_wconf 83' lang='lat' dir='ltr'>nominativis:</span> <span class='ocrx_word' id='word_1_60' title='bbox 983 1301 1112 1367; x_wconf 80' lang='lat' dir='ltr'>Electra</span> <span class='ocrx_word' id='word_1_61' title='bbox 1135 1306 1162 1382; x_wconf 84' lang='lat'>3,</span> <span class='ocrx_word' id='word_1_62' title='bbox 1196 1307 1244 1380; x_wconf 88' lang='grc'>14,</span> <span class='ocrx_word' id='word_1_63' title='bbox 1275 1308 1293 1365; x_wconf 88' lang='grc'>5</span> 
     </span>
     <span class='ocr_line' id='line_1_10' title="bbox 163 1403 1294 1486; baseline 0.003 -20"><span class='ocrx_word' id='word_1_64' title='bbox 163 1409 198 1466; x_wconf 90' lang='grc'>11</span> <span class='ocrx_word' id='word_1_65' title='bbox 222 1403 344 1470; x_wconf 73' lang='lat' dir='ltr'>Creusa</span> <span class='ocrx_word' id='word_1_66' title='bbox 381 1410 417 1486; x_wconf 89' lang='grc'>3,</span> <span class='ocrx_word' id='word_1_67' title='bbox 449 1407 505 1482; x_wconf 88' lang='grc'>16,</span> <span class='ocrx_word' id='word_1_68' title='bbox 527 1411 584 1480; x_wconf 72' lang='lat'>303</span> <span class='ocrx_word' id='word_1_69' title='bbox 619 1410 668 1486; x_wconf 90' lang='grc'>21,</span> <span class='ocrx_word' id='word_1_70' title='bbox 703 1409 755 1484; x_wconf 89' lang='grc'>12,</span> <span class='ocrx_word' id='word_1_71' title='bbox 788 1424 899 1470; x_wconf 91' lang='lat' dir='ltr'>rursus</span> <span class='ocrx_word' id='word_1_72' title='bbox 932 1403 1079 1468; x_wconf 83' lang='lat' dir='ltr'>Ariadna</span> <span class='ocrx_word' id='word_1_73' title='bbox 1115 1409 1148 1483; x_wconf 91' lang='grc'>2,</span> <span class='ocrx_word' id='word_1_74' title='bbox 1184 1408 1294 1484; x_wconf 88' lang='grc'>3,18;</span> 
     </span>
     <span class='ocr_line' id='line_1_11' title="bbox 165 1505 1295 1588; baseline 0.002 -19"><span class='ocrx_word' id='word_1_75' title='bbox 165 1505 331 1588; x_wconf 86' lang='lat' dir='ltr'>adriagna</span> <span class='ocrx_word' id='word_1_76' title='bbox 364 1508 402 1584; x_wconf 86' lang='lat' dir='ltr'>N,</span> <span class='ocrx_word' id='word_1_77' title='bbox 433 1507 572 1572; x_wconf 88' lang='lat' dir='ltr'>adriana</span> <span class='ocrx_word' id='word_1_78' title='bbox 595 1507 668 1587; x_wconf 83' lang='lat' dir='ltr'>DV,</span> <span class='ocrx_word' id='word_1_79' title='bbox 700 1506 840 1572; x_wconf 83' lang='lat' dir='ltr'>adriana</span> <span class='ocrx_word' id='word_1_80' title='bbox 856 1509 882 1570; x_wconf 84' lang='lat' dir='ltr'><strong>F</strong></span> <span class='ocrx_word' id='word_1_81' title='bbox 891 1530 897 1585; x_wconf 83' lang='lat'><em>3</em></span> <span class='ocrx_word' id='word_1_82' title='bbox 937 1506 1085 1571; x_wconf 82' lang='lat' dir='ltr'>Ariadna</span> <span class='ocrx_word' id='word_1_83' title='bbox 1115 1512 1147 1585; x_wconf 90' lang='grc'>4,</span> <span class='ocrx_word' id='word_1_84' title='bbox 1182 1513 1230 1582; x_wconf 88' lang='grc'>17,</span> <span class='ocrx_word' id='word_1_85' title='bbox 1262 1510 1295 1582; x_wconf 80' lang='grc'>8;</span> 
     </span>
     <span class='ocr_line' id='line_1_12' title="bbox 161 1607 1293 1694; baseline 0 -22"><span class='ocrx_word' id='word_1_86' title='bbox 161 1607 305 1674; x_wconf 88' lang='lat' dir='ltr'>adriana</span> <span class='ocrx_word' id='word_1_87' title='bbox 325 1610 368 1688; x_wconf 85' lang='lat' dir='ltr'>F,</span> <span class='ocrx_word' id='word_1_88' title='bbox 405 1609 588 1692; x_wconf 83' lang='lat' dir='ltr'>adriagana</span> <span class='ocrx_word' id='word_1_89' title='bbox 615 1612 657 1689; x_wconf 89' lang='lat' dir='ltr'>N;</span> <span class='ocrx_word' id='word_1_90' title='bbox 697 1629 783 1675; x_wconf 82' lang='lat' dir='ltr'>voc:</span> <span class='ocrx_word' id='word_1_91' title='bbox 815 1609 976 1694; x_wconf 79' lang='lat' dir='ltr'>Eriphyla</span> <span class='ocrx_word' id='word_1_92' title='bbox 1005 1614 1181 1692; x_wconf 64' lang='lat' dir='ltr'><em>Q</em></span> <span class='ocrx_word' id='word_1_93' title='bbox 1208 1629 1293 1687; x_wconf 83' lang='lat' dir='ltr'>omn.</span> 
     </span>
     <span class='ocr_line' id='line_1_13' title="bbox 162 1709 1294 1796; baseline 0.003 -22"><span class='ocrx_word' id='word_1_94' title='bbox 162 1709 270 1792; x_wconf 89' lang='lat' dir='ltr'>codd.;</span> <span class='ocrx_word' id='word_1_95' title='bbox 295 1717 323 1788; x_wconf 88' lang='grc'>3,</span> <span class='ocrx_word' id='word_1_96' title='bbox 349 1719 394 1793; x_wconf 91' lang='grc'>16,</span> <span class='ocrx_word' id='word_1_97' title='bbox 419 1717 459 1778; x_wconf 80' lang='grc'>29</span> <span class='ocrx_word' id='word_1_98' title='bbox 482 1713 691 1796; x_wconf 74' lang='lat' dir='ltr'>eriphyllta)e</span> <span class='ocrx_word' id='word_1_99' title='bbox 713 1713 789 1792; x_wconf 89' lang='lat' dir='ltr'>DV;</span> <span class='ocrx_word' id='word_1_100' title='bbox 812 1732 882 1777; x_wconf 86' lang='lat' dir='ltr'>voc.</span> <span class='ocrx_word' id='word_1_101' title='bbox 904 1711 1135 1777; x_wconf 85' lang='lat' dir='ltr'>Andromacha</span> <span class='ocrx_word' id='word_1_102' title='bbox 1158 1718 1185 1794; x_wconf 92' lang='grc'>3,</span> <span class='ocrx_word' id='word_1_103' title='bbox 1201 1717 1251 1794; x_wconf 89' lang='grc'>26,</span> <span class='ocrx_word' id='word_1_104' title='bbox 1265 1718 1294 1789; x_wconf 95' lang='grc'>2,</span> 
     </span>
     <span class='ocr_line' id='line_1_14' title="bbox 164 1813 1291 1899; baseline 0.004 -23"><span class='ocrx_word' id='word_1_105' title='bbox 164 1813 292 1878; x_wconf 82' lang='lat' dir='ltr'>formae</span> <span class='ocrx_word' id='word_1_106' title='bbox 324 1815 373 1879; x_wconf 86' lang='lat' dir='ltr'>ori</span> <span class='ocrx_word' id='word_1_107' title='bbox 394 1816 513 1881; x_wconf 92' lang='lat' dir='ltr'>Latino</span> <span class='ocrx_word' id='word_1_108' title='bbox 537 1815 715 1899; x_wconf 88' lang='lat' dir='ltr'>adaptatae</span> <span class='ocrx_word' id='word_1_109' title='bbox 728 1819 751 1894; x_wconf 77' lang='lat'>¹)</span> <span class='ocrx_word' id='word_1_110' title='bbox 774 1815 924 1880; x_wconf 87' lang='lat' dir='ltr'>codicum</span> <span class='ocrx_word' id='word_1_111' title='bbox 952 1834 1112 1881; x_wconf 91' lang='lat' dir='ltr'>consensu</span> <span class='ocrx_word' id='word_1_112' title='bbox 1135 1821 1168 1880; x_wconf 90' lang='lat' dir='ltr'>et</span> <span class='ocrx_word' id='word_1_113' title='bbox 1189 1822 1291 1880; x_wconf 92' lang='lat' dir='ltr'>metro</span> 
     </span>
     <span class='ocr_line' id='line_1_15' title="bbox 164 1915 481 1996; baseline 0.009 -17"><span class='ocrx_word' id='word_1_114' title='bbox 164 1915 316 1982; x_wconf 85' lang='lat' dir='ltr'>firmatae</span> <span class='ocrx_word' id='word_1_115' title='bbox 339 1925 481 1996; x_wconf 65' lang='lat' dir='ltr'>exstant,</span> 
     </span>
    </p>

    <p class='ocr_par' dir='ltr' id='par_1_4' title="bbox 161 2021 1297 2613">
     <span class='ocr_line' id='line_1_16' title="bbox 259 2021 1297 2104; baseline 0 -18"><span class='ocrx_word' id='word_1_116' title='bbox 259 2021 303 2086; x_wconf 92' lang='lat' dir='ltr'>Ut</span> <span class='ocrx_word' id='word_1_117' title='bbox 326 2041 444 2102; x_wconf 85' lang='lat' dir='ltr'>graeca</span> <span class='ocrx_word' id='word_1_118' title='bbox 466 2021 590 2086; x_wconf 83' lang='lat' dir='ltr'>venalis</span> <span class='ocrx_word' id='word_1_119' title='bbox 612 2047 628 2095; x_wconf 77' lang='lat' dir='ltr'>a</span> <span class='ocrx_word' id='word_1_120' title='bbox 651 2021 685 2084; x_wconf 91' lang='lat' dir='ltr'>in</span> <span class='ocrx_word' id='word_1_121' title='bbox 708 2021 875 2086; x_wconf 91' lang='lat' dir='ltr'>nominum</span> <span class='ocrx_word' id='word_1_122' title='bbox 898 2041 1004 2104; x_wconf 91' lang='lat' dir='ltr'>propr.</span> <span class='ocrx_word' id='word_1_123' title='bbox 1027 2021 1241 2087; x_wconf 89' lang='lat' dir='ltr'>nominativis</span> <span class='ocrx_word' id='word_1_124' title='bbox 1264 2029 1297 2086; x_wconf 90' lang='lat' dir='ltr'>et</span> 
     </span>
     <span class='ocr_line' id='line_1_17' title="bbox 161 2123 1292 2205; baseline 0.002 -20"><span class='ocrx_word' id='word_1_125' title='bbox 161 2123 327 2188; x_wconf 86' lang='lat' dir='ltr'>vocativis</span> <span class='ocrx_word' id='word_1_126' title='bbox 364 2145 384 2187; x_wconf 92' lang='lat' dir='ltr'>a</span> <span class='ocrx_word' id='word_1_127' title='bbox 420 2125 578 2188; x_wconf 89' lang='lat' dir='ltr'>Romanis</span> <span class='ocrx_word' id='word_1_128' title='bbox 615 2123 816 2205; x_wconf 83' lang='lat' dir='ltr'>frequentius</span> <span class='ocrx_word' id='word_1_129' title='bbox 854 2125 889 2188; x_wconf 92' lang='lat' dir='ltr'>in</span> <span class='ocrx_word' id='word_1_130' title='bbox 925 2125 1055 2188; x_wconf 90' lang='lat' dir='ltr'>brevem</span> <span class='ocrx_word' id='word_1_131' title='bbox 1087 2145 1106 2188; x_wconf 91' lang='lat' dir='ltr'>a</span> <span class='ocrx_word' id='word_1_132' title='bbox 1140 2131 1292 2205; x_wconf 79' lang='lat' dir='ltr'>mutatur,</span> 
     </span>
     <span class='ocr_line' id='line_1_18' title="bbox 163 2224 1292 2311; baseline 0.002 -22"><span class='ocrx_word' id='word_1_133' title='bbox 163 2225 258 2290; x_wconf 88' lang='lat' dir='ltr'>cuius</span> <span class='ocrx_word' id='word_1_134' title='bbox 291 2226 422 2307; x_wconf 85' lang='lat' dir='ltr'>generis</span> <span class='ocrx_word' id='word_1_135' title='bbox 452 2224 540 2309; x_wconf 88' lang='lat' dir='ltr'>apud</span> <span class='ocrx_word' id='word_1_136' title='bbox 570 2227 774 2309; x_wconf 88' lang='lat' dir='ltr'>Propertium</span> <span class='ocrx_word' id='word_1_137' title='bbox 804 2227 929 2291; x_wconf 93' lang='lat' dir='ltr'>nullum</span> <span class='ocrx_word' id='word_1_138' title='bbox 949 2226 1132 2311; x_wconf 81' lang='lat' dir='ltr'>exemplum</span> <span class='ocrx_word' id='word_1_139' title='bbox 1155 2227 1292 2310; x_wconf 82' lang='lat' dir='ltr'>repperi,</span> 
     </span>
     <span class='ocr_line' id='line_1_19' title="bbox 161 2326 1292 2411; baseline 0.004 -21"><span class='ocrx_word' id='word_1_140' title='bbox 161 2326 212 2391; x_wconf 89' lang='lat' dir='ltr'>ita</span> <span class='ocrx_word' id='word_1_141' title='bbox 242 2328 403 2411; x_wconf 87' lang='lat' dir='ltr'>producta</span> <span class='ocrx_word' id='word_1_142' title='bbox 437 2347 564 2411; x_wconf 90' lang='lat' dir='ltr'>quoque</span> <span class='ocrx_word' id='word_1_143' title='bbox 600 2348 720 2411; x_wconf 82' lang='lat' dir='ltr'>graeca</span> <span class='ocrx_word' id='word_1_144' title='bbox 754 2355 772 2388; x_wconf 85' lang='grc' dir='ltr'><strong><em>α</em></strong></span> <span class='ocrx_word' id='word_1_145' title='bbox 801 2329 905 2394; x_wconf 90' lang='lat' dir='ltr'>latino</span> <span class='ocrx_word' id='word_1_146' title='bbox 943 2348 1092 2394; x_wconf 86' lang='lat' dir='ltr'>sermone</span> <span class='ocrx_word' id='word_1_147' title='bbox 1127 2329 1292 2394; x_wconf 90' lang='lat' dir='ltr'>interdum</span> 
     </span>
     <span class='ocr_line' id='line_1_20' title="bbox 164 2431 1290 2515; baseline 0.002 -21"><span class='ocrx_word' id='word_1_148' title='bbox 164 2431 349 2513; x_wconf 89' lang='lat' dir='ltr'>corripitur.</span> <span class='ocrx_word' id='word_1_149' title='bbox 394 2432 490 2496; x_wconf 91' lang='lat' dir='ltr'>Velut</span> <span class='ocrx_word' id='word_1_150' title='bbox 513 2431 600 2515; x_wconf 88' lang='lat' dir='ltr'>apud</span> <span class='ocrx_word' id='word_1_151' title='bbox 615 2432 818 2514; x_wconf 89' lang='lat' dir='ltr'>Propertium</span> <span class='ocrx_word' id='word_1_152' title='bbox 834 2432 987 2497; x_wconf 89' lang='lat' dir='ltr'>occurrit:</span> <span class='ocrx_word' id='word_1_153' title='bbox 1010 2431 1109 2498; x_wconf 73' lang='lat' dir='ltr'>Troia</span> <span class='ocrx_word' id='word_1_154' title='bbox 1132 2437 1160 2509; x_wconf 88' lang='grc'>2,</span> <span class='ocrx_word' id='word_1_155' title='bbox 1182 2437 1210 2509; x_wconf 88' lang='grc'>3,</span> <span class='ocrx_word' id='word_1_156' title='bbox 1234 2437 1290 2509; x_wconf 90' lang='grc'>34;</span> 
     </span>
     <span class='ocr_line' id='line_1_21' title="bbox 167 2537 523 2613; baseline 0.008 -17"><span class='ocrx_word' id='word_1_157' title='bbox 167 2537 195 2613; x_wconf 83' lang='grc'>1,</span> <span class='ocrx_word' id='word_1_158' title='bbox 221 2537 249 2613; x_wconf 81' lang='lat' dir='ltr'>a,</span> <span class='ocrx_word' id='word_1_159' title='bbox 274 2539 326 2611; x_wconf 77' lang='grc'>11,</span> <span class='ocrx_word' id='word_1_160' title='bbox 351 2540 378 2611; x_wconf 88' lang='lat'>5,</span> <span class='ocrx_word' id='word_1_161' title='bbox 404 2540 430 2611; x_wconf 89' lang='lat'>1,</span> <span class='ocrx_word' id='word_1_162' title='bbox 455 2541 523 2599; x_wconf 85' lang='grc'>114.</span> 
     </span>
    </p>

    <p class='ocr_par' dir='ltr' id='par_1_5' title="bbox 162 2635 1293 3216">
     <span class='ocr_line' id='line_1_22' title="bbox 254 2635 1293 2719; baseline 0 -19"><span class='ocrx_word' id='word_1_163' title='bbox 254 2636 293 2700; x_wconf 95' lang='lat' dir='ltr'>In</span> <span class='ocrx_word' id='word_1_164' title='bbox 316 2637 479 2718; x_wconf 87' lang='lat' dir='ltr'>genetivis</span> <span class='ocrx_word' id='word_1_165' title='bbox 503 2637 649 2703; x_wconf 92' lang='lat' dir='ltr'>eiusdem</span> <span class='ocrx_word' id='word_1_166' title='bbox 672 2637 803 2719; x_wconf 84' lang='lat' dir='ltr'>generis</span> <span class='ocrx_word' id='word_1_167' title='bbox 826 2637 993 2701; x_wconf 92' lang='lat' dir='ltr'>nominum</span> <span class='ocrx_word' id='word_1_168' title='bbox 1017 2635 1198 2702; x_wconf 84' lang='lat' dir='ltr'>formandis</span> <span class='ocrx_word' id='word_1_169' title='bbox 1220 2638 1293 2701; x_wconf 90' lang='lat' dir='ltr'>Pro-</span> 
     </span>
     <span class='ocr_line' id='line_1_23' title="bbox 162 2739 1291 2820; baseline 0.003 -18"><span class='ocrx_word' id='word_1_170' title='bbox 162 2739 305 2820; x_wconf 87' lang='lat' dir='ltr'>pertium</span> <span class='ocrx_word' id='word_1_171' title='bbox 336 2739 399 2804; x_wconf 89' lang='lat' dir='ltr'>etsi</span> <span class='ocrx_word' id='word_1_172' title='bbox 429 2740 553 2805; x_wconf 90' lang='lat' dir='ltr'>nullam</span> <span class='ocrx_word' id='word_1_173' title='bbox 583 2747 704 2804; x_wconf 88' lang='lat' dir='ltr'>certam</span> <span class='ocrx_word' id='word_1_174' title='bbox 737 2760 884 2805; x_wconf 91' lang='lat' dir='ltr'>normam</span> <span class='ocrx_word' id='word_1_175' title='bbox 917 2747 1079 2815; x_wconf 88' lang='lat' dir='ltr'>secutum,</span> <span class='ocrx_word' id='word_1_176' title='bbox 1115 2747 1225 2804; x_wconf 91' lang='lat' dir='ltr'>tamen</span> <span class='ocrx_word' id='word_1_177' title='bbox 1255 2745 1291 2805; x_wconf 90' lang='lat' dir='ltr'>ut</span> 
     </span>
     <span class='ocr_line' id='line_1_24' title="bbox 163 2843 1293 2926; baseline 0.002 -22"><span class='ocrx_word' id='word_1_178' title='bbox 163 2859 284 2905; x_wconf 90' lang='lat' dir='ltr'>aureae</span> <span class='ocrx_word' id='word_1_179' title='bbox 320 2843 439 2908; x_wconf 89' lang='lat' dir='ltr'>aetatis</span> <span class='ocrx_word' id='word_1_180' title='bbox 472 2845 612 2926; x_wconf 90' lang='lat' dir='ltr'>optimos</span> <span class='ocrx_word' id='word_1_181' title='bbox 649 2843 824 2926; x_wconf 86' lang='lat' dir='ltr'>scriptores</span> <span class='ocrx_word' id='word_1_182' title='bbox 860 2843 999 2907; x_wconf 88' lang='lat' dir='ltr'>latinam</span> <span class='ocrx_word' id='word_1_183' title='bbox 1029 2843 1293 2908; x_wconf 89' lang='lat' dir='ltr'>terminationem</span> 
     </span>
     <span class='ocr_line' id='line_1_25' title="bbox 164 2945 1292 3029; baseline 0.002 -22"><span class='ocrx_word' id='word_1_184' title='bbox 164 2962 306 3024; x_wconf 82' lang='lat' dir='ltr'>graecae</span> <span class='ocrx_word' id='word_1_185' title='bbox 343 2946 574 3029; x_wconf 89' lang='lat' dir='ltr'>praeposuisse</span> <span class='ocrx_word' id='word_1_186' title='bbox 610 2945 767 3010; x_wconf 88' lang='lat' dir='ltr'>libromm</span> <span class='ocrx_word' id='word_1_187' title='bbox 799 2963 875 3010; x_wconf 90' lang='lat' dir='ltr'>mss.</span> <span class='ocrx_word' id='word_1_188' title='bbox 912 2965 1073 3011; x_wconf 91' lang='lat' dir='ltr'>consensu</span> <span class='ocrx_word' id='word_1_189' title='bbox 1104 2945 1186 3011; x_wconf 90' lang='lat' dir='ltr'>satis</span> <span class='ocrx_word' id='word_1_190' title='bbox 1217 2965 1292 3012; x_wconf 89' lang='lat' dir='ltr'>eon-</span> 
     </span>
     <span class='ocr_line' id='line_1_26' title="bbox 166 3045 1292 3131; baseline 0.004 -23"><span class='ocrx_word' id='word_1_191' title='bbox 166 3045 321 3111; x_wconf 89' lang='lat' dir='ltr'>firmatur.</span> <span class='ocrx_word' id='word_1_192' title='bbox 366 3049 451 3113; x_wconf 80' lang='lat' dir='ltr'>llam</span> <span class='ocrx_word' id='word_1_193' title='bbox 474 3068 547 3114; x_wconf 93' lang='lat' dir='ltr'>cum</span> <span class='ocrx_word' id='word_1_194' title='bbox 570 3049 746 3113; x_wconf 86' lang='lat' dir='ltr'>formarum</span> <span class='ocrx_word' id='word_1_195' title='bbox 775 3048 809 3113; x_wconf 93' lang='lat' dir='ltr'>in</span> <span class='ocrx_word' id='word_1_196' title='bbox 833 3051 908 3127; x_wconf 75' lang='lat' dir='ltr'>ae²l</span> <span class='ocrx_word' id='word_1_197' title='bbox 931 3048 1119 3113; x_wconf 83' lang='lat' dir='ltr'>exeuntium</span> <span class='ocrx_word' id='word_1_198' title='bbox 1142 3048 1292 3131; x_wconf 83' lang='lat' dir='ltr'>exempla</span> 
     </span>
     <span class='ocr_line' id='line_1_27' title="bbox 164 3147 416 3216; baseline 0 -4"><span class='ocrx_word' id='word_1_199' title='bbox 164 3147 248 3213; x_wconf 89' lang='lat' dir='ltr'>haee</span> <span class='ocrx_word' id='word_1_200' title='bbox 272 3157 416 3216; x_wconf 85' lang='lat' dir='ltr'>exstent:</span> 
     </span>
    </p>
   </div>
   <div class='ocr_carea' id='block_1_3' title="bbox 159 3370 1293 4384">
    <p class='ocr_par' dir='ltr' id='par_1_6' title="bbox 159 3370 1293 4384">
     <span class='ocr_line' id='line_1_28' title="bbox 205 3370 1293 3442; baseline 0 -18"><span class='ocrx_word' id='word_1_201' title='bbox 205 3395 207 3398; x_wconf 51' lang='lat'>&gt;</span> <span class='ocrx_word' id='word_1_202' title='bbox 237 3371 256 3438; x_wconf 87' lang='lat'>¹)</span> <span class='ocrx_word' id='word_1_203' title='bbox 276 3370 345 3424; x_wconf 92' lang='lat' dir='ltr'>Luc.</span> <span class='ocrx_word' id='word_1_204' title='bbox 364 3371 474 3439; x_wconf 71' lang='lat' dir='ltr'>Miller,</span> <span class='ocrx_word' id='word_1_205' title='bbox 492 3371 527 3426; x_wconf 94' lang='lat' dir='ltr'>de</span> <span class='ocrx_word' id='word_1_206' title='bbox 545 3389 576 3426; x_wconf 91' lang='lat' dir='ltr'>re</span> <span class='ocrx_word' id='word_1_207' title='bbox 593 3378 673 3426; x_wconf 88' lang='lat' dir='ltr'>metr.</span> <span class='ocrx_word' id='word_1_208' title='bbox 692 3389 757 3442; x_wconf 84' lang='lat' dir='ltr'>pgg.</span> <span class='ocrx_word' id='word_1_209' title='bbox 777 3374 825 3427; x_wconf 82' lang='grc'>381</span> <span class='ocrx_word' id='word_1_210' title='bbox 845 3388 901 3441; x_wconf 85' lang='lat' dir='ltr'>sq.:</span> <span class='ocrx_word' id='word_1_211' title='bbox 919 3371 1011 3441; x_wconf 84' lang='lat' dir='ltr'>Igitur</span> <span class='ocrx_word' id='word_1_212' title='bbox 1029 3388 1093 3424; x_wconf 91' lang='lat' dir='ltr'>cum</span> <span class='ocrx_word' id='word_1_213' title='bbox 1109 3371 1293 3426; x_wconf 87' lang='lat' dir='ltr'>vetustissimi</span> 
     </span>
     <span class='ocr_line' id='line_1_29' title="bbox 161 3457 1291 3529; baseline 0.002 -21"><span class='ocrx_word' id='word_1_214' title='bbox 161 3461 294 3510; x_wconf 87' lang='lat' dir='ltr'>auctores</span> <span class='ocrx_word' id='word_1_215' title='bbox 317 3474 380 3510; x_wconf 92' lang='lat' dir='ltr'>raro</span> <span class='ocrx_word' id='word_1_216' title='bbox 403 3457 536 3512; x_wconf 84' lang='lat' dir='ltr'>flexiones</span> <span class='ocrx_word' id='word_1_217' title='bbox 559 3459 757 3528; x_wconf 82' lang='lat' dir='ltr'>externigenas</span> <span class='ocrx_word' id='word_1_218' title='bbox 776 3458 1003 3527; x_wconf 88' lang='lat' dir='ltr'>adsumpsissent</span> <span class='ocrx_word' id='word_1_219' title='bbox 1031 3488 1063 3496; x_wconf 89' lang='lat'>-</span> <span class='ocrx_word' id='word_1_220' title='bbox 1091 3457 1140 3529; x_wconf 90' lang='lat' dir='ltr'>qui</span> <span class='ocrx_word' id='word_1_221' title='bbox 1167 3463 1196 3511; x_wconf 92' lang='grc'>11</span> <span class='ocrx_word' id='word_1_222' title='bbox 1220 3457 1291 3510; x_wconf 88' lang='lat' dir='ltr'>illud</span> 
     </span>
     <span class='ocr_line' id='line_1_30' title="bbox 159 3540 1291 3613; baseline 0.004 -21"><span class='ocrx_word' id='word_1_223' title='bbox 159 3540 247 3596; x_wconf 89' lang='lat' dir='ltr'>valde</span> <span class='ocrx_word' id='word_1_224' title='bbox 269 3549 413 3612; x_wconf 87' lang='lat' dir='ltr'>amarunt,</span> <span class='ocrx_word' id='word_1_225' title='bbox 439 3543 655 3598; x_wconf 87' lang='lat' dir='ltr'>declinationem</span> <span class='ocrx_word' id='word_1_226' title='bbox 683 3543 822 3598; x_wconf 81' lang='lat' dir='ltr'>Graecam</span> <span class='ocrx_word' id='word_1_227' title='bbox 849 3561 900 3613; x_wconf 89' lang='lat' dir='ltr'>per</span> <span class='ocrx_word' id='word_1_228' title='bbox 925 3543 1126 3613; x_wconf 86' lang='lat' dir='ltr'>metaplasmos</span> <span class='ocrx_word' id='word_1_229' title='bbox 1153 3544 1291 3613; x_wconf 89' lang='lat' dir='ltr'>adaptare</span> 
     </span>
     <span class='ocr_line' id='line_1_31' title="bbox 162 3627 1290 3700; baseline 0.002 -20"><span class='ocrx_word' id='word_1_230' title='bbox 162 3627 206 3681; x_wconf 91' lang='lat' dir='ltr'>ori</span> <span class='ocrx_word' id='word_1_231' title='bbox 224 3627 328 3682; x_wconf 88' lang='lat' dir='ltr'>Latino</span> <span class='ocrx_word' id='word_1_232' title='bbox 347 3665 389 3697; x_wconf 88' lang='lat'>-‚</span> <span class='ocrx_word' id='word_1_233' title='bbox 406 3629 463 3684; x_wconf 85' lang='lat' dir='ltr'>iam</span> <span class='ocrx_word' id='word_1_234' title='bbox 480 3630 516 3684; x_wconf 89' lang='lat' dir='ltr'>ab</span> <span class='ocrx_word' id='word_1_235' title='bbox 540 3629 613 3684; x_wconf 82' lang='lat' dir='ltr'>Attii</span> <span class='ocrx_word' id='word_1_236' title='bbox 635 3629 701 3684; x_wconf 89' lang='lat' dir='ltr'>inde</span> <span class='ocrx_word' id='word_1_237' title='bbox 725 3635 753 3684; x_wconf 89' lang='lat' dir='ltr'>et</span> <span class='ocrx_word' id='word_1_238' title='bbox 777 3628 881 3684; x_wconf 90' lang='lat' dir='ltr'>Lucilii</span> <span class='ocrx_word' id='word_1_239' title='bbox 904 3634 1033 3700; x_wconf 86' lang='lat' dir='ltr'>ternpore</span> <span class='ocrx_word' id='word_1_240' title='bbox 1051 3629 1142 3682; x_wconf 91' lang='lat' dir='ltr'>minus</span> <span class='ocrx_word' id='word_1_241' title='bbox 1161 3629 1290 3683; x_wconf 87' lang='lat' dir='ltr'>versibus</span> 
     </span>
     <span class='ocr_line' id='line_1_32' title="bbox 160 3714 1290 3786; baseline 0.002 -20"><span class='ocrx_word' id='word_1_242' title='bbox 160 3720 194 3766; x_wconf 89' lang='lat' dir='ltr'>ut</span> <span class='ocrx_word' id='word_1_243' title='bbox 213 3715 412 3769; x_wconf 87' lang='lat' dir='ltr'>subveniretur</span> <span class='ocrx_word' id='word_1_244' title='bbox 430 3733 515 3786; x_wconf 88' lang='lat' dir='ltr'>quam</span> <span class='ocrx_word' id='word_1_245' title='bbox 532 3715 669 3770; x_wconf 88' lang='lat' dir='ltr'>iactantia</span> <span class='ocrx_word' id='word_1_246' title='bbox 687 3715 846 3770; x_wconf 89' lang='lat' dir='ltr'>studiorum</span> <span class='ocrx_word' id='word_1_247' title='bbox 863 3715 946 3769; x_wconf 88' lang='lat' dir='ltr'>valde</span> <span class='ocrx_word' id='word_1_248' title='bbox 968 3714 1170 3769; x_wconf 87' lang='lat' dir='ltr'>increbuerunt</span> <span class='ocrx_word' id='word_1_249' title='bbox 1194 3714 1290 3768; x_wconf 86' lang='lat' dir='ltr'>termi-</span> 
     </span>
     <span class='ocr_line' id='line_1_33' title="bbox 162 3800 514 3856; baseline 0 -4"><span class='ocrx_word' id='word_1_250' title='bbox 162 3800 295 3854; x_wconf 87' lang='lat' dir='ltr'>nationes</span> <span class='ocrx_word' id='word_1_251' title='bbox 314 3800 443 3856; x_wconf 77' lang='lat' dir='ltr'>Graecae</span> <span class='ocrx_word' id='word_1_252' title='bbox 462 3807 514 3855; x_wconf 90' lang='lat' dir='ltr'>etc.</span> 
     </span>
     <span class='ocr_line' id='line_1_34' title="bbox 231 3885 1292 3958; baseline -0.001 -19"><span class='ocrx_word' id='word_1_253' title='bbox 231 3885 425 3955; x_wconf 70' lang='grc' dir='ltr'>2)Ἀ111111111</span> <span class='ocrx_word' id='word_1_254' title='bbox 455 3887 638 3958; x_wconf 84' lang='lat' dir='ltr'>Hertzbergii</span> <span class='ocrx_word' id='word_1_255' title='bbox 665 3885 878 3950; x_wconf 87' lang='lat' dir='ltr'>auctoritatem,</span> <span class='ocrx_word' id='word_1_256' title='bbox 908 3886 957 3956; x_wconf 92' lang='lat' dir='ltr'>qui</span> <span class='ocrx_word' id='word_1_257' title='bbox 990 3890 1113 3955; x_wconf 79' lang='lat' dir='ltr'>quaesit.</span> <span class='ocrx_word' id='word_1_258' title='bbox 1140 3885 1226 3956; x_wconf 80' lang='lat' dir='ltr'>Prop,</span> <span class='ocrx_word' id='word_1_259' title='bbox 1252 3885 1292 3950; x_wconf 90' lang='grc' dir='ltr'>ΙΙ,</span> 
     </span>
     <span class='ocr_line' id='line_1_35' title="bbox 160 3971 1291 4043; baseline -0.002 -17"><span class='ocrx_word' id='word_1_260' title='bbox 160 3989 209 4042; x_wconf 83' lang='lat' dir='ltr'>pg.</span> <span class='ocrx_word' id='word_1_261' title='bbox 231 3975 279 4026; x_wconf 89' lang='grc'>164</span> <span class='ocrx_word' id='word_1_262' title='bbox 296 3973 436 4042; x_wconf 88' lang='lat' dir='ltr'>proponit,</span> <span class='ocrx_word' id='word_1_263' title='bbox 454 3973 509 4026; x_wconf 89' lang='lat' dir='ltr'>nisi</span> <span class='ocrx_word' id='word_1_264' title='bbox 527 3990 627 4028; x_wconf 87' lang='lat' dir='ltr'>versus</span> <span class='ocrx_word' id='word_1_265' title='bbox 644 3990 732 4028; x_wconf 90' lang='lat' dir='ltr'>sonus</span> <span class='ocrx_word' id='word_1_266' title='bbox 750 3973 886 4043; x_wconf 83' lang='lat' dir='ltr'>postulet,</span> <span class='ocrx_word' id='word_1_267' title='bbox 903 3988 939 4026; x_wconf 92' lang='lat' dir='ltr'>ne</span> <span class='ocrx_word' id='word_1_268' title='bbox 951 3971 1066 4025; x_wconf 87' lang='lat' dir='ltr'>nomina</span> <span class='ocrx_word' id='word_1_269' title='bbox 1082 3972 1111 4024; x_wconf 92' lang='lat' dir='ltr'>in</span> <span class='ocrx_word' id='word_1_270' title='bbox 1128 3971 1219 4025; x_wconf 90' lang='lat' dir='ltr'>vicem</span> <span class='ocrx_word' id='word_1_271' title='bbox 1237 3971 1291 4026; x_wconf 91' lang='lat' dir='ltr'>sibi</span> 
     </span>
     <span class='ocr_line' id='line_1_36' title="bbox 160 4056 1291 4128; baseline -0.001 -18"><span class='ocrx_word' id='word_1_272' title='bbox 160 4058 367 4128; x_wconf 89' lang='lat' dir='ltr'>respondentia</span> <span class='ocrx_word' id='word_1_273' title='bbox 384 4058 459 4112; x_wconf 87' lang='lat' dir='ltr'>inter</span> <span class='ocrx_word' id='word_1_274' title='bbox 477 4075 507 4112; x_wconf 89' lang='lat' dir='ltr'>se</span> <span class='ocrx_word' id='word_1_275' title='bbox 526 4059 694 4128; x_wconf 87' lang='lat' dir='ltr'>discrepent,</span> <span class='ocrx_word' id='word_1_276' title='bbox 712 4058 819 4128; x_wconf 92' lang='lat' dir='ltr'>ubique</span> <span class='ocrx_word' id='word_1_277' title='bbox 832 4056 950 4112; x_wconf 83' lang='lat' dir='ltr'>Graecis</span> <span class='ocrx_word' id='word_1_278' title='bbox 964 4056 1209 4126; x_wconf 88' lang='lat' dir='ltr'>acquiescendum,</span> <span class='ocrx_word' id='word_1_279' title='bbox 1228 4074 1291 4110; x_wconf 90' lang='lat' dir='ltr'>cum</span> 
     </span>
     <span class='ocr_line' id='line_1_37' title="bbox 160 4142 1291 4214; baseline -0.003 -16"><span class='ocrx_word' id='word_1_280' title='bbox 160 4143 196 4198; x_wconf 87' lang='lat' dir='ltr'>L.</span> <span class='ocrx_word' id='word_1_281' title='bbox 221 4143 341 4198; x_wconf 88' lang='lat' dir='ltr'>Miillero</span> <span class='ocrx_word' id='word_1_282' title='bbox 368 4149 397 4198; x_wconf 90' lang='grc'>11</span> <span class='ocrx_word' id='word_1_283' title='bbox 414 4144 601 4213; x_wconf 83' lang='lat' dir='ltr'>Baehrensio‚</span> <span class='ocrx_word' id='word_1_284' title='bbox 627 4145 677 4199; x_wconf 93' lang='lat' dir='ltr'>ubi</span> <span class='ocrx_word' id='word_1_285' title='bbox 704 4143 831 4214; x_wconf 89' lang='lat' dir='ltr'>plurimis</span> <span class='ocrx_word' id='word_1_286' title='bbox 859 4142 1004 4196; x_wconf 88' lang='lat' dir='ltr'>codicibus</span> <span class='ocrx_word' id='word_1_287' title='bbox 1023 4143 1071 4210; x_wconf 85' lang='lat' dir='ltr'>,‚e“</span> <span class='ocrx_word' id='word_1_288' title='bbox 1090 4147 1198 4196; x_wconf 88' lang='lat' dir='ltr'>certum</span> <span class='ocrx_word' id='word_1_289' title='bbox 1224 4148 1291 4209; x_wconf 86' lang='lat' dir='ltr'>stat,</span> 
     </span>
     <span class='ocr_line' id='line_1_38' title="bbox 162 4227 1290 4300; baseline -0.002 -18"><span class='ocrx_word' id='word_1_290' title='bbox 162 4228 212 4299; x_wconf 85' lang='lat' dir='ltr'>(cf.</span> <span class='ocrx_word' id='word_1_291' title='bbox 232 4234 256 4294; x_wconf 92' lang='grc'>4,</span> <span class='ocrx_word' id='word_1_292' title='bbox 276 4234 298 4298; x_wconf 91' lang='grc'>1,</span> <span class='ocrx_word' id='word_1_293' title='bbox 318 4233 329 4282; x_wconf 89' lang='grc'>1</span> <span class='ocrx_word' id='word_1_294' title='bbox 350 4246 432 4284; x_wconf 85' lang='lat' dir='ltr'>sacra</span> <span class='ocrx_word' id='word_1_295' title='bbox 450 4230 562 4284; x_wconf 90' lang='lat' dir='ltr'>Philete</span> <span class='ocrx_word' id='word_1_296' title='bbox 574 4230 709 4300; x_wconf 82' lang='lat' dir='ltr'>NFDV)</span> <span class='ocrx_word' id='word_1_297' title='bbox 729 4230 819 4284; x_wconf 88' lang='lat' dir='ltr'>latina</span> <span class='ocrx_word' id='word_1_298' title='bbox 837 4227 999 4282; x_wconf 88' lang='lat' dir='ltr'>terminatio</span> <span class='ocrx_word' id='word_1_299' title='bbox 1019 4244 1053 4281; x_wconf 89' lang='lat' dir='ltr'>ae</span> <span class='ocrx_word' id='word_1_300' title='bbox 1071 4227 1220 4297; x_wconf 87' lang='lat' dir='ltr'>probanda</span> <span class='ocrx_word' id='word_1_301' title='bbox 1238 4234 1290 4282; x_wconf 86' lang='lat' dir='ltr'>est.</span> 
     </span>
     <span class='ocr_line' id='line_1_39' title="bbox 162 4312 1290 4384; baseline -0.002 -14"><span class='ocrx_word' id='word_1_302' title='bbox 162 4315 272 4370; x_wconf 83' lang='lat' dir='ltr'>Contra</span> <span class='ocrx_word' id='word_1_303' title='bbox 297 4315 375 4370; x_wconf 87' lang='lat' dir='ltr'>lerne</span> <span class='ocrx_word' id='word_1_304' title='bbox 402 4319 425 4380; x_wconf 90' lang='grc'>3,</span> <span class='ocrx_word' id='word_1_305' title='bbox 444 4319 485 4380; x_wconf 90' lang='grc'>26,</span> <span class='ocrx_word' id='word_1_306' title='bbox 510 4319 542 4368; x_wconf 89' lang='grc'>48</span> <span class='ocrx_word' id='word_1_307' title='bbox 561 4315 617 4370; x_wconf 80' lang='lat' dir='ltr'>FN</span> <span class='ocrx_word' id='word_1_308' title='bbox 646 4316 686 4384; x_wconf 87' lang='lat' dir='ltr'>(et</span> <span class='ocrx_word' id='word_1_309' title='bbox 712 4316 825 4370; x_wconf 84' lang='lat' dir='ltr'>Lernae</span> <span class='ocrx_word' id='word_1_310' title='bbox 851 4313 935 4384; x_wconf 89' lang='lat' dir='ltr'>pulsa</span> <span class='ocrx_word' id='word_1_311' title='bbox 961 4312 1084 4367; x_wconf 88' lang='lat' dir='ltr'>tridente</span> <span class='ocrx_word' id='word_1_312' title='bbox 1110 4313 1194 4383; x_wconf 89' lang='lat' dir='ltr'>palus</span> <span class='ocrx_word' id='word_1_313' title='bbox 1219 4314 1290 4368; x_wconf 90' lang='lat' dir='ltr'>Luc.</span> 
     </span>
    </p>
   </div>
   <div class='ocr_carea' id='block_1_4' title="bbox 0 0 1642 4984">
    <p class='ocr_par' dir='ltr' id='par_1_7' title="bbox 0 0 1642 4984">
     <span class='ocr_line' id='line_1_40' title="bbox 0 0 1642 4984; baseline 0 0"><span class='ocrx_word' id='word_1_314' title='bbox 0 0 1642 4984; x_wconf 95' lang='lat' dir='ltr'> </span> 
     </span>
    </p>
   </div>
  </div>
 </body>
</html>
