3275 4984
760 429 972 490 „32...

300 585 445 668 pedestri
467 607 617 656 sermone
640 594 706 659 nisi
728 593 763 658 in
786 601 932 658 veterum
954 595 1092 676 legibus,
1115 589 1322 658 sacerdotum
1358 605 1432 668 ega-

300 696 470 770 torumque
493 694 696 761 orationihus
727 697 1021 762 commemorandis
1033 703 1057 775 1)
1080 695 1212 761 omnino
1235 711 1302 757 non
1325 706 1432 754 occur·

301 797 364 871 rat,
396 798 505 858 tamen
538 795 626 878 apud
648 805 765 881 poetas
787 819 827 863 ea
850 799 891 862 de
914 819 1043 879 caussa,
1074 818 1173 881 quam
1203 814 1303 877 supra
1326 789 1432 870 tetigi,

301 913 536 976 nonnunquam
568 898 726 982 adoptata
755 901 923 984 reperitur.
972 902 1161 967 Ceterorum
1192 904 1321 980 quoque
1352 911 1430 977 poe·

221 1040 224 1046 η
302 1001 409 1060 tarum
432 999 579 1064 eiusdem
603 1001 670 1066 fere
700 998 819 1068 aetatis
847 1005 997 1086 exempla
1019 1001 1273 1084 diligentissime
1297 994 1433 1075 collegit

261 1164 262 1178 ,
301 1098 381 1163 Lud.
403 1101 525 1183 Lange,
557 1103 576 1167 l.
599 1103 618 1166 l.
641 1125 694 1188 pg.
720 1110 747 1185 8,
778 1112 815 1171 ut
845 1105 934 1188 apud
961 1106 1139 1185 Catullum,
1171 1103 1363 1168 Ciceronem
1394 1096 1431 1159 in

302 1201 433 1267 Arateis
455 1203 509 1284 (de
532 1204 596 1270 div.
620 1211 648 1287 2,
672 1213 699 1288 5,
724 1208 789 1288 14),
822 1208 1002 1289 Vergilium
1031 1227 1125 1287 sena,
1148 1204 1235 1288 apud
1257 1199 1432 1267 Horatium

302 1323 428 1382 novem,
464 1307 552 1388 apud
575 1309 778 1392 Propertium
809 1317 843 1374 ct
874 1309 1029 1376 Ovidium
1059 1309 1191 1390 singula
1214 1307 1432 1387 componeret.

304 1405 392 1482 Quos
424 1407 558 1489 quidem
586 1411 672 1475 inter
703 1417 818 1495 poetas
850 1411 1060 1477 statuendum
1092 1417 1142 1476 ost
1170 1407 1377 1490 Propertium
1401 1409 1434 1466 et

303 1507 458 1574 Ovidium
472 1519 608 1596 excepto
628 1515 767 1595 Tibullo,
791 1515 847 1596 qui
864 1522 1025 1596 nusquam
1048 1511 1209 1578 eiusmodi
1232 1508 1434 1574 infinitivum

303 1611 446 1676 scrihere
469 1634 568 1680 ausus
593 1623 650 1697 est,
673 1636 770 1698 quam
792 1617 985 1700 parcissime
1006 1617 1148 1699 priscam
1176 1615 1269 1678 illam
1291 1611 1435 1674 'formam

304 1712 488 1781 admisisse.
532 1718 639 1798 Atque
660 1740 771 1799 unum,
802 1718 888 1802 quod
909 1720 945 1784 in
968 1719 1128 1801 Propertii
1151 1716 1275 1797 elegiis,
1299 1711 1436 1776 omnino

304 1823 421 1897 exstat,
444 1821 642 1902 exemplum:
1134 1822 1135 1825 ’

390 1921 460 2000 „Me
482 1942 610 2004 quoque
633 1922 797 1988 consimili
819 1924 1008 2007 impositum
1032 1921 1210 2002 torquerier
1231 1917 1323 1998 igni“
1346 1923 1437 1978 certe

232 2035 234 2038 ·
306 2023 378 2087 sola
400 2043 514 2089 versus
537 2026 736 2091 necessitate
759 2025 949 2109 adoptatum
972 2025 1109 2090 videtur.

393 2126 533 2192 Ubertas
547 2147 643 2210 porro
658 2127 819 2209 quaedam
835 2129 962 2210 priscae
976 2128 1110 2208 linguae
1121 2123 1264 2189 cernitur
1279 2121 1314 2185 in
1325 2118 1433 2184 verbi:

305 2246 404 2308 posse
427 2227 550 2312 formis,
574 2229 661 2311 quod
684 2249 757 2294 cum
779 2230 863 2295 nihil
886 2229 976 2295 aliud
999 2231 1042 2294 sit
1067 2229 1133 2293 nisi
1156 2223 1376 2307 compositum
1400 2240 1442 2283 ex

309 2328 489 2395 adiectivo:
513 2333 600 2414 potis
616 2333 669 2396 vel
684 2339 760 2414 pote
776 2339 808 2396 et
823 2332 922 2396 verbo
937 2330 1152 2409 substantivo,
1166 2347 1233 2392 non
1247 2345 1322 2388 raro
1339 2323 1443 2406 plena

309 2431 419 2514 specie
447 2433 535 2516 apud
564 2435 729 2515 Plautum,
759 2433 956 2514 Terentium,
978 2433 1174 2506 Lucretium,
1197 2428 1365 2494 Catullum
1388 2425 1440 2488 ita

309 2534 459 2616 occurrit,
481 2543 518 2600 ut
533 2536 629 2602 modo
645 2537 732 2618 potis
755 2536 903 2618 legamus
921 2556 987 2601 una
1006 2533 1215 2599 oum'verbo:
1239 2549 1321 2610 esse,
1340 2525 1441 2591 modo

308 2636 452 2717 verbum,
476 2637 564 2719 quod
580 2639 712 2721 saepius
735 2637 778 2714 fit,
801 2639 978 2702 omittatur.
1022 2637 1144 2702 Prioris
1163 2633 1295 2716 generis
1311 2630 1442 2696 nullum

310 2745 419 2804 exstat
433 2741 619 2823 exemplum
638 2739 722 2823 apud
739 2741 950 2822 Propertium,
969 2738 1159 2822 posterioris
1173 2736 1274 2802 verbo
1292 2733 1445 2799 substan·

309 2841 378 2907 tivo
401 2842 552 2924 neglecto
576 2842 640 2907 duo
664 2843 746 2907 mihi
768 2843 802 2907 in
824 2850 974 2925 promptu
994 2847 1084 2907 sunt:
1108 2846 1143 2921 2,
1167 2845 1193 2919 1,
1212 2843 1267 2916 46;
1291 2843 1320 2918 4,
1345 2837 1445 2924 110,

310 2964 447 3024 quorum
469 2951 607 3027 utroque
630 2953 722 3028 pote
746 2945 924 3009 exhibetur.

396 3047 457 3116 Hic
480 3054 651 3129 praeterea
665 3066 750 3136 quae
769 3052 1058 3111 commemorentur
1076 3043 1198 3125 dignae
1214 3047 1291 3107 sunt
1314 3040 1444 3104 formae

311 3148 462 3212 vorbales
474 3173 479 3210 :

311 3249 510 3330 largibar
535 3255 560 3329 1,
584 3253 612 3324 3,
636 3254 675 3313 25
699 3255 731 3314 et

312 3351 512 3433 operibat
537 3357 564 3425 4,
590 3356 636 3432 13,
660 3357 709 3428 35,

312 3473 405 3534 quae,
429 3453 580 3534 quamvis
603 3453 769 3518 breviores
793 3452 867 3527 sint,
891 3472 988 3533 quam
1007 3451 1149 3533 optimae
1163 3449 1285 3513 aetatis
1308 3432 1447 3510 dicendi

312 3573 418 3636 genus
448 3555 607 3638 postulat,
631 3560 740 3618 tamen
772 3554 945 3618 manifesto
969 3573 986 3616 e
1008 3553 1117 3634 prisca
1148 3549 1387 3631 coniugatione
1410 3549 1448 3612 in

312 3676 434 3721 aureae
450 3656 570 3721 aetatis
585 3654 844 3738 profluxeruntlt.
875 3655 974 3720 Ouius
988 3653 1172 3735 imperfecti
1186 3650 1449 3732 coniugationis‚

385 3859 405 3926 ¹)
427 3859 470 3912 Of.
490 3858 546 3913 Cic.
566 3875 617 3927 pro
638 3857 739 3912 Caecil.
760 3861 799 3921 33,
818 3860 863 3924 953
881 3856 952 3925 Top.
973 3859 1012 3920 17,
1030 3859 1076 3923 68;
1094 3855 1174 3908 Fam.
1192 3858 1217 3919 7,
1238 3857 1278 3919 12,
1297 3857 1325 3913 2;
1347 3853 1384 3906 de
1398 3850 1449 3905 off.

315 3949 338 4008 3,
365 3948 405 4007 15,
429 3947 474 4010 61;
506 3945 544 4007 11,
570 3946 616 4010 1ος
646 3943 681 3995 de
705 3958 735 3995 re
757 3940 835 4010 publ.
854 3945 877 4005 2,
897 3945 937 4005 34,
961 3944 1008 4008 59,
1038 3940 1072 3993 de
1090 3939 1162 3993 dom.
1182 3943 1225 4004 53,
1245 3943 1308 4006 1363
1339 3937 1403 3990 Liv.
1426 3939 1452 4001 1,

428 4028 446 4080 1.

316 4032 356 4093 32,
377 4033 472 4181 7²)aCf.
492 4110 615 4174 Curtius,
641 4110 685 4164 die
703 4109 827 4179 Bildung
849 4109 899 4161 der
921 4109 1063 4177 Tempora
1086 4109 1144 4161 und
1165 4107 1246 4161 Modi
1268 4108 1307 4160 im
1331 4105 1455 4160 Grieeh.

314 4199 375 4252 und
392 4196 469 4260 Lat,
486 4215 532 4266 pg.
552 4198 655 4248 141-
676 4195 805 4258 Corssen,
822 4193 966 4246 Kritische
978 4193 1111 4263 Beitriigc
1129 4210 1181 4246 zur
1197 4192 1293 4246 latein.
1309 4192 1454 4245 Formen-

315 4283 403 4347 lehre,
421 4299 487 4352 pgg.
502 4283 645 4333 539-541.
658 4310 690 4318 -
710 4279 820 4342 struve,
839 4278 935 4332 Ucber
953 4278 999 4331 die
1016 4283 1065 4331 lat.
1077 4278 1261 4332 Declination
1273 4295 1301 4331 u.
1317 4277 1456 4346 Coniug.,
