3275 4984
630 454 670 464 ...
716 420 838 482 63..

169 588 415 670 vetustissimis,
424 595 456 653 et
465 586 730 670 frequentissima
742 589 765 668 ¹)
776 584 1036 650 Catullianorum
1051 583 1207 649 librorum
1223 604 1298 649 mss.

167 675 263 756 'illius
286 691 541 774 orthographiae
571 689 781 765 documenta,
812 709 878 754 non
906 687 1029 752 iniuria
1051 685 1299 760 haesitabimus,

172 799 280 857 utrum
304 793 346 858 ad
370 795 592 878 archetypum,
617 814 659 857 an
683 792 726 857 ad
748 811 885 875 pravam
904 791 1012 874 potins
1026 789 1184 854 Italorum
1198 790 1299 856 elocu-

171 895 295 961 tionem
319 903 443 979 spectet
466 915 505 960 ea
528 916 624 977 quam
649 895 689 960 de
703 893 930 977 Propertianis
953 892 1122 958 codicibus
1145 912 1298 958 memora·

170 998 278 1065 vimus
301 999 463 1082 scriptura
484 999 671 1063 verborum:
696 996 865 1071 iocundus,
888 995 1056 1061 rutundus.

221 1162 222 1165 ,
256 1103 363 1184 Atque
384 1108 421 1167 ut
442 1101 478 1166 in
501 1101 599 1183 longe
621 1099 781 1184 plurimis,
804 1119 886 1181 quos
908 1098 1052 1163 medium
1074 1117 1191 1164 aevum
1214 1098 1296 1177 tulit,

169 1205 328 1270 italorum
352 1202 520 1269 codicibus
544 1224 671 1270 summa
692 1202 862 1268 fluctuatio
886 1201 1029 1267 cernitur
1045 1201 1079 1265 in
1094 1201 1297 1284 aspiratione

171 1305 330 1373 adversus
353 1313 498 1372 nostram
522 1303 790 1372 consuetudinem
820 1305 992 1370 vocabulis
1018 1305 1143 1387 passim
1166 1303 1297 1370 adiecta

169 1409 222 1473 vel
245 1411 398 1488 detracta,
421 1409 468 1474 ita
483 1408 688 1492 Propertiani
711 1407 789 1472 libri
811 1428 911 1471 manu
933 1406 1048 1489 scripti
1070 1407 1203 1489 quantis
1225 1408 1296 1473 eius

168 1514 258 1581 modi
281 1513 531 1579 difficultatibus
554 1513 635 1578 artis
658 1512 794 1603 criticae
815 1511 932 1575 infecti
954 1511 1032 1590 sint,
1062 1530 1150 1575 nova
1172 1517 1205 1574 et
1226 1510 1298 1576 dili-

169 1617 365 1699 gentissima
386 1616 653 1682 Baehrensianae
682 1613 839 1680 editionis
869 1605 1049 1678 collatione
1079 1612 1295 1694 cognoscitur.

255 1720 358 1784 Nobis
381 1719 513 1801 quidem
536 1738 573 1783 eo
596 1719 664 1783 iam
687 1717 922 1800 spectantibus,
944 1722 981 1781 ut
1003 1715 1151 1781 codicum
1166 1716 1298 1799 Proper·

168 1823 333 1887 tianorum
371 1821 659 1905 orthographicum
688 1839 808 1902 genus,
846 1818 955 1902 quoad
992 1817 1062 1882 fieri
1094 1824 1217 1901 potest,
1253 1819 1296 1883 ad

168 1925 340 2009 archetypi
361 1944 509 1990 normam
540 1931 572 1988 et
593 1923 670 1989 inde
687 1923 742 1987 'ad
764 1922 869 2006 ipsius
899 1930 1016 2004 poetae
1039 1929 1180 1986 aetatem
1207 1923 1298 1987 retin-

169 2035 273 2109 gatur,
297 2028 417 2093 summi
431 2028 588 2092 momenti
602 2046 675 2092 esse
688 2025 785 2090 debet
803 2025 895 2090 Iocus
911 2024 1046 2102 Quintil.
1060 2025 1085 2103 1,
1109 2030 1136 2105 5,
1162 2029 1295 2104 19-21,

168 2131 225 2194 ubi
253 2151 352 2212 quam
378 2130 572 2196 brevissime
603 2135 689 2194 totus
729 2128 945 2211 aspirationis
975 2147 1054 2192 usus
1089 2147 1162 2193 cum
1192 2127 1295 2194 variis

167 2233 463 2315 permutationibus
485 2252 588 2314 usqne
611 2231 654 2297 ad
677 2231 775 2314 primi
797 2251 829 2315 p.
853 2231 926 2295 Chr.
956 2230 1080 2296 saeculi
1110 2230 1207 2295 finem
1229 2250 1297 2313 per·

168 2336 332 2401 lustratur.
379 2335 443 2402 Sed
466 2354 539 2400 cum
562 2335 644 2400 satis
667 2341 780 2398 notum
795 2335 796 2339 ’
811 2333 855 2398 sit
878 2332 1113 2415 aspirationem
1134 2351 1195 2398 nec
1218 2340 1295 2399 ante

169 2438 409 2515 Quintilianum
441 2457 502 2502 nec
531 2443 646 2521 postea
677 2422 831 2518 umquam
859 2436 983 2501 strictis
1006 2436 1294 2518 grammaticorum
1359 2434 1365 2442 '

169 2540 297 2622 legibus
328 2540 471 2606 stabiliri
500 2540 662 2623 potuisse,
699 2538 758 2604 sod
794 2559 852 2604 suo
883 2557 1044 2619 quemque
1075 2538 1210 2603 arbitrio
1243 2538 1294 2603 vel

169 2643 299 2724 vulgari
322 2663 401 2708 snae
424 2642 545 2708 aetatis
568 2641 727 2706 latinitati
750 2641 956 2722 aliquantum
978 2640 1165 2720 indulsisse,
1197 2641 1295 2706 facilc

169 2745 381 2827 intellegitur,
405 2745 460 2828 qui
484 2744 555 2808 fieri
572 2744 722 2827 potuerit,
745 2750 781 2808 ut
798 2744 961 2827 imprimis
974 2744 1010 2809 in
1024 2744 1260 2810 recentioribus
1272 2749 1296 2823 ²)

169 2848 274 2914 Italae
291 2847 428 2930 originis
443 2847 548 2924 libris,
560 2867 634 2913 mss.
659 2854 727 2912 tam
740 2847 888 2913 insolens
903 2854 936 2911 et
949 2847 991 2911 ab
1006 2847 1111 2930 ipsius
1126 2847 1295 2930 scriptoris

167 2970 233 3014 non
256 2950 370 3032 solum,
398 2949 457 3016 sed
480 2950 578 3014 etiarn
602 2950 774 3034 archetypi
797 2968 1030 3032 saepenumero
1054 2955 1163 3014 aetate
1184 2949 1295 3014 alicua

168 3052 338 3135 aspirandi
360 3052 444 3117 ratio
468 3052 675 3117 exhiberetur
685 3051 720 3137 ³).

236 3189 256 3258 ¹)
276 3189 435 3252 Reeolrius,
463 3189 481 3243 I.
499 3189 531 3257 I.‚
558 3207 605 3259 pg.
628 3193 660 3242 45
685 3189 763 3258 apud
783 3189 927 3242 Catullum
952 3188 1196 3244 consentientibus
1213 3189 1294 3242 libris

168 3275 238 3328 haec
257 3274 371 3344 collegit
385 3274 513 3343 exempla
530 3274 702 3344 scripturae:
720 3274 860 3328 iocundus
878 3291 904 3327 c.
919 3291 990 3328 aaa:
1004 3273 1098 3340 VHII,
1117 3278 1145 3339 93
1163 3273 1246 3338 XIII,
1264 3277 1294 3342 23

160 3359 333 3428 XXXXVI,
359 3363 387 3428 33
413 3359 447 3426 L,
467 3363 510 3425 163
534 3359 628 3428 LXII,
655 3365 702 3420 26;
729 3364 775 3428 473
800 3359 1005 3426 LX1111‚rcr;
1033 3363 1095 3426 215,
1123 3359 1228 3427 LXVI,
1247 3364 1294 3425 823

170 3443 290 3512 LXVII,
309 3449 320 3496 1
342 3445 400 3510 bis,
417 3444 574 3509 LXVIIIa
595 3447 640 3503 16;
660 3445 778 3512 CVIIII,
799 3449 822 3498 1.

170 3529 212 3584 Cf.
232 3529 379 3598 Corssenl,
397 3531 434 3591 II,
453 3535 561 3585 3611-
581 3529 755 3584 Lachmann.
773 3531 857 3585 Lucr.
876 3531 899 3595 I,
920 3531 1035 3598 rs;111‚
1055 3535 1129 3585 1031.
1177 3591 1180 3594 ,

235 3616 257 3686 ²)
276 3616 322 3670 De
352 3616 454 3670 Catuli.
483 3616 563 3670 codd.
591 3617 621 3670 in
650 3617 823 3686 aspiratione
851 3616 1037 3671 fluctuatione
1066 3616 1189 3671 videnda
1220 3634 1294 3687 quae

168 3702 297 3772 exposuit
314 3701 464 3766 Bacchius,
483 3701 501 3754 I.
520 3703 537 3754 l.
556 3719 603 3773 pg.
622 3706 652 3755 41
673 3719 716 3772 sq.

233 3787 256 3856 ³)
277 3785 320 3840 Of.
340 3786 502 3851 Schneider,
520 3787 542 3856 I,
563 3791 610 3840 tto
628 3805 669 3858 sq.
690 3819 722 3826 —
742 3787 1024 3858 Corssen.2‚1‚pgg.
1044 3791 1078 3842 46
1096 3806 1148 3858 sq,
1166 3792 1292 3842 tto-113.

168 3871 352 3926 Schuchardt.
372 3872 397 3936 Ι,
422 3891 468 3941 pg.
487 3878 519 3926 73
539 3891 579 3943 sq.
597 3903 631 3912 -
648 3873 833 3937 Brambach.,
857 3891 923 3944 pgg.
943 3877 993 3926 282
1011 3891 1053 3943 sq.
1073 3876 1130 3928 314.
1161 3874 1211 3944 Pg.
1231 3878 1293 3927 282:

167 3955 220 4010 Die
232 3957 404 4012 Unhiarheit
422 3958 450 4010 in
469 3957 519 4012 der
533 3959 700 4028 Aspiration
718 3959 787 4030 griff
802 3976 894 4030 gagen
907 3959 958 4012 das
970 3959 1051 4014 Ende
1069 3959 1121 4014 der
1132 3959 1294 4013 Kaiserzeit
1362 4007 1370 4020 ,

167 4043 254 4097 schon
271 4043 352 4097 stark
375 4061 423 4098 um
445 4043 506 4097 sich
530 4045 588 4098 und
611 4045 662 4098 hat
687 4045 748 4098 eine
771 4045 973 4115 unglaubliche
991 4044 1175 4114 Verwirrung
1192 4045 1221 4097 in
1239 4045 1294 4100 den

167 4128 424 4183 mittelalterliohen
436 4129 662 4184 Handschriften
679 4131 856 4184 verursaoht.
869 4161 902 4169 —
914 4148 961 4200 pg.
975 4134 1037 4184 287:
1056 4131 1113 4184 Die
1126 4131 1295 4200 Aspiration

168 4214 216 4267 der
239 4213 440 4268 Consonanten
462 4214 582 4285 beginnt
605 4216 656 4269 mit
680 4217 743 4270 dem
767 4216 856 4271 Jahre
880 4220 930 4270 oto
954 4216 979 4268 d.
999 4216 1053 4281 St,
1080 4216 1228 4271 schwankt
1248 4217 1294 4271 bis

167 4317 230 4352 zum
253 4299 365 4370 Baginn
388 4300 438 4353 des
464 4304 487 4354 8.
510 4300 721 4356 Jahrhunderts
742 4303 801 4356 und
829 4302 867 4355 ist
895 4319 952 4356 von
979 4301 1016 4356 da
1045 4319 1083 4355 an
1106 4302 1293 4358 feststehend.

168 4385 289 4447 (Ritschl
315 4385 347 4439 P.
367 4383 400 4440 L.
418 4385 456 4440 M.
476 4386 509 4440 E.
526 4405 571 4456 pg.
593 4391 661 4456 124).
