3275 4984
829 421 1037 480 „22-

453 587 517 653 Sed
541 609 614 653 cum
637 588 698 652 hoc
722 595 808 653 certe
830 588 1043 671 plurimorum
1067 605 1227 653 consensu
1242 589 1376 667 nitatur,
1399 587 1497 654 libra-

282 689 285 694 ’
366 691 433 757 rios
456 692 558 756 multo
581 691 712 757 facilius
734 693 769 756 in
792 691 1006 756 recentiorem
1029 698 1061 754 et
1077 709 1156 755 suae
1172 691 1274 755 aetati
1288 690 1495 757 usitatiorem

367 793 533 859 scribendi
573 792 843 860 consuetudinem
882 793 1062 858 inclinasse
1072 800 1103 873 ¹),
1140 813 1237 874 quam
1272 793 1384 858 nescio
1430 814 1496 875 qua

315 911 317 927 ¹
367 895 543 963 vetustatis
566 896 793 963 recordatione
816 895 955 961 traditas
978 896 1156 980 archetypo
1171 896 1370 961 recentiores
1393 897 1493 979 scrip-

367 1005 458 1064 turas
488 999 523 1064 in
555 991 766 1065 vetustiores'
782 1005 946 1081 mutasse,
983 1019 1113 1065 summa
1145 1018 1217 1062 cum
1248 997 1424 1080 diligentia
1460 1007 1496 1062 11

368 1102 463 1182 quasi
486 1102 671 1166 reverentia
698 1100 853 1183 quadam,
889 1120 930 1165 nc
952 1100 1110 1166 memoria
1132 1101 1222 1166 illius
1246 1098 1498 1166 consuetudinis

368 1203 474 1269 onmis
510 1204 693 1283 aboleatur,
728 1204 824 1270 nobis
857 1203 1102 1269 conservandae
1132 1210 1221 1281 sunt,
1255 1223 1337 1284 quas
1372 1203 1496 1267 veteris

365 1306 601 1388 pronuntiandi
631 1313 663 1372 11
693 1303 859 1372 scribendi
892 1325 970 1372 usus
1002 1306 1191 1370 etiamnunc
1221 1307 1257 1369 in
1293 1306 1387 1370 libris
1418 1324 1496 1370 1111.

368 1409 606 1490 cognoscimus,
625 1409 869 1474 inconstantiae
882 1400 1136 1492 111111111111111
1158 1409 1372 1473 subeuntibus
1397 1428 1494 1489 quam

369 1510 518 1576 codicum
541 1511 771 1593 neglegentiae
782 1515 819 1590 2).

454 1614 569 1695 Itaque
591 1615 625 1678 in
649 1615 700 1680 his
724 1614 972 1694 quaestionibus
1003 1614 1228 1695 grammaticis
1260 1620 1346 1678 certe
1376 1633 1498 1696 operae

368 1716 508 1800 pretium
532 1724 590 1795 est,
613 1717 750 1800 probata
773 1717 977 1781 Lachmanni
1007 1717 1107 1801 praef.
1137 1716 1180 1782 ad
1210 1719 1301 1799 Prop.
1334 1714 1383 1780 ed.
1405 1716 1496 1798 Lips.

368 1838 421 1902 pg.
445 1821 473 1884 V
496 1828 528 1884 11
559 1819 601 1884 ad
629 1821 755 1884 Lucret.
778 1821 808 1899 I,
841 1824 902 1885 805
932 1821 1077 1899 ratione,
1110 1820 1304 1903 optimomm
1338 1819 1494 1883 librorum

368 1941 453 2002 mss,
475 1923 533 1986 ubi
555 1923 697 1987 maxime
725 1923 811 1987 inter
834 1943 869 1988 se
892 1923 1101 1988 consentiunt
1123 1923 1243 2003 ubique
1265 1928 1395 2004 praesto
1419 1929 1498 1986 suut

369 2025 634 2108 inscripitionum
649 2032 681 2091 et
696 2026 984 2109 grammaticorum
998 2025 1196 2104 testimonia,
1220 2025 1283 2090 1111
1306 2024 1494 2089 auctoritati

368 2126 464 2191 fidem
487 2127 694 2192 tribuendam
718 2147 805 2208 esse,
836 2129 968 2210 singula
999 2129 1181 2194 accusativi
1202 2128 1283 2211 plur.
1305 2126 1380 2192 111-11
1404 2134 1494 2191 term.

369 2231 520 2314 exempla
543 2231 653 2296 omnia
676 2251 879 2314 componere,
909 2231 1021 2312 qualia
1043 2231 1267 2315 Propertianis
1290 2229 1423 2313 optimis
1446 2249 1497 2294 co-

368 2331 505 2408 dicibus,
529 2341 687 2416 quotquot
709 2352 795 2399 nunc
819 2340 959 2413 exstant,
983 2335 1178 2399 exhibentur
1200 2335 1299 2398 haec:

379 2438 408 2516 l)
447 2435 793 2502 Adiectivorum:

412 2541 606 2620 agrestis
639 2544 673 2619 3,
708 2545 763 2620 19,
797 2546 837 2602 11
858 2540 967 2603 NDV
990 2539 1083 2616 Keil,
1113 2540 1242 2622 Haupt,
1266 2538 1382 2602 Baehr.
1408 2557 1498 2620 agre-

571 2649 637 2708 stes
660 2644 702 2723 F;
724 2643 799 2707 Luc.
826 2642 951 2707 Mttller.

411 2742 563 2810 docilis
600 2751 627 2823 5,
666 2749 694 2824 2,
726 2750 765 2810 63
794 2745 888 2825 Keil,
923 2746 1049 2829 Haupt,
1090 2745 1215 2820 Baehr„
1252 2742 1376 2810 dociles
1416 2746 1495 2808 Luc.

571 2848 694 2912 Miiller.

438 3107 459 3173 ¹)
478 3105 557 3158 Idem
574 3106 664 3158 visum
683 3110 726 3158 est
738 3104 857 3168 Jacobo,
876 3105 971 3159 Praei.
988 3106 1025 3159 ad
1037 3105 1132 3175 Prop.,
1149 3123 1195 3176 pg.
1208 3104 1250 3157 X:
1269 3102 1313 3159 D'e
1329 3104 1498 3158 accusativo

370 3197 465 3246 autem
490 3190 519 3244 in
546 3192 584 3256 11,
612 3207 782 3262 quamquam
809 3191 952 3262 plerisque
978 3191 1048 3244 locis
1072 3208 1136 3245 eum
1158 3191 1269 3245 codices
1292 3190 1382 3244 nostri
1407 3191 1436 3243 in
1463 3207 1497 3243 es

370 3277 523 3331 formatum
542 3277 682 3344 exhibent,
700 3283 786 3347 atque
806 3293 859 3347 ego
879 3276 992 3347 quidem
1009 3277 1050 3331 ita
1063 3293 1111 3332 eos
1125 3277 1280 3331 scribentes
1291 3276 1414 3330 fideliter
1432 3293 1495 3328 sum

371 3370 494 3428 secutus,
513 3363 559 3416 vix
577 3370 670 3417 tamen
690 3380 752 3417 esse
777 3363 962 3417 dubitandum
981 3379 1090 3431 1111111,
1113 3363 1181 3433 quin
1198 3363 1249 3416 has
1274 3363 1379 3416 formas
1401 3362 1430 3414 111
1456 3379 1499 3426 es,

369 3448 394 3502 si
412 3467 469 3503 1111
482 3449 596 3519 ubique,
615 3455 646 3502 at
660 3449 827 3518 plerumque
840 3448 993 3502 debeamus
1003 3448 1125 3502 librariis
1137 3449 1215 3518 ipsis,
1234 3466 1319 3518 quum
1332 3448 1496 3517 ubicunque

369 3541 420 3589 aut
443 3552 557 3588 casuum
580 3552 658 3588 error
680 3535 825 3598 intererat,
850 3540 909 3603 aut,
931 3534 955 3587 si
978 3551 1035 3604 qua
1058 3534 1213 3588 definxerat
1237 3551 1322 3588 voees
1341 3533 1497 3597 aberratio,

369 3621 461 3674 forma
483 3621 531 3675 illa
554 3621 627 3674 male
652 3620 817 3674 oblitterata
843 3636 874 3673 se
896 3619 979 3673 nobis
1004 3620 1145 3687 ostendat,
1182 3619 1498 3688 cf.Grumme,1.1.‚

367 3725 414 3776 pg.
436 3711 475 3762 13.
511 3706 571 3761 Nec
590 3707 671 3759 aliter
690 3706 778 3759 sentit
794 3705 931 3769 Keller,
947 3704 1003 3770 1.1.,
1025 3723 1071 3775 pg.
1091 3705 1205 3758 2161111
1224 3706 1280 3760 den
1297 3723 1350 3759 uns
1365 3706 1440 3774 jetzt
1457 3723 1495 3759 zu

370 3793 483 3847 Gebote
502 3792 659 3846 stehenden
678 3791 797 3845 Codices
817 3791 945 3844 vollends
967 3791 1006 3845 ist
1027 3791 1120 3845 nichts
1144 3792 1364 3862 gewdhnlieher,
1387 3792 1429 3844 ais
1448 3791 1497 3843 die

369 3877 521 3933 Correctur
549 3877 627 3931 eines
653 3877 787 3931 friiheren
814 3877 1005 3930 Accusativus
1030 3877 1083 3930 auf
1102 3907 1137 3917 --
1162 3878 1187 3930 is
1213 3877 1243 3929 in
1270 3877 1314 3931 die
1336 3877 1422 3931 Form
1444 3877 1498 3930 mit

368 3969 455 4018 eetc.
474 3993 505 4002 -

436 4049 458 4118 2)
478 4049 600 4103 Easdem
618 4048 742 4102 rationes
760 4049 789 4101 in
808 4048 931 4102 editione
950 4048 986 4101 ab
1005 4048 1115 4102 daeobo
1139 4048 1276 4118 probata-s
1294 4064 1357 4101 esse
1375 4048 1497 4117 adparet

370 4123 513 4204 11111111.Ι
533 4135 570 4188 ad
594 4133 678 4204 Prop.
703 4153 749 4204 pg.
769 4133 809 4186 X:
841 4133 905 4198 Qua
929 4139 1048 4203 propter
1075 4140 1211 4204 quantum
1238 4134 1267 4186 id
1295 4134 1408 4203 quidem
1433 4131 1497 4186 fieri

367 4227 490 4291 poterat,
509 4227 537 4273 et
557 4226 692 4290 quantum
715 4227 744 4274 et
767 4220 807 4273 rei
833 4226 862 4273 et
885 4219 1021 4274 librorum
1043 4220 1117 4274 ratio
1136 4220 1308 4290 patiebatur,
1330 4219 1498 4272 inconstans

369 4323 432 4360 cum
452 4306 576 4374 antiquis
596 4323 657 4359 esse
675 4304 769 4370 malui,
789 4322 873 4374 quam
892 4305 937 4358 vel
956 4322 1050 4359 errare
1068 4307 1113 4360 vel
1133 4322 1237 4359 novare
1257 4322 1320 4358 cum
1337 4305 1452 4359 nostris.
