3275 4984
649 451 862 510 „57-

277 615 383 692 Quam
421 615 690 698 orthographiam
727 615 890 698 imprimis
920 617 1024 681 NAF
1063 616 1212 682 codicum
1250 617 1318 683 fere

188 717 342 782 omnibus
365 717 524 784 eiusmodi
548 718 630 784 locis
652 725 843 801 usurpatam
867 719 971 801 siquis
986 740 1053 785 non
1069 721 1316 804 eposteriorum

187 817 397 884 librariorum
420 820 550 902 vulgari
580 820 817 903 pronuntiandi
840 822 1076 888 consuetudine
1099 823 1158 889 sed
1181 843 1221 887 ex
1244 823 1318 906 ipsa

187 922 424 1004 Propertianae
446 923 566 988 aetatis
588 923 703 1004 lingua
725 923 761 988 in
783 923 885 989 libros
908 925 1163 1009 manuscriptos
1183 925 1318 992 fluxisse

186 1025 357 1108 opinatur:
380 1026 437 1107 qui
459 1025 592 1091 tandem
616 1027 737 1091 factum
762 1025 858 1106 dicet,
880 1035 924 1108 ut,
948 1048 1011 1110 quo
1033 1029 1090 1110 qui
1113 1028 1156 1093 ad
1177 1034 1318 1094 vetusta·

188 1134 255 1192 tem
277 1128 412 1212 propius
436 1128 563 1194 accedit
593 1129 712 1209 codex,
745 1150 782 1194 eo
810 1129 902 1196 illius
934 1131 1189 1215 orthographiae
1216 1151 1319 1196 exem·

192 1231 334 1313 plarium
357 1232 475 1311 minus,
500 1247 537 1298 eo
561 1239 670 1296 autern
693 1233 766 1315 plus
789 1233 956 1316 praebeat,
985 1253 1048 1315 quo
1071 1234 1225 1299 remotior
1247 1234 1317 1300 eius

191 1341 285 1399 aetas
308 1334 516 1416 cognoscitur
538 1335 580 1400 ab
604 1335 800 1417 antiquitate
813 1338 858 1414 ¹)?

275 1438 371 1501 Hanc
404 1438 505 1520 Igitur
543 1438 659 1502 talium
697 1438 875 1502 formarum
913 1438 1130 1520 frequentiam
1167 1439 1316 1504 codicum

188 1541 297 1604 NAF
320 1559 393 1604 cum
417 1541 498 1606 satis
522 1541 605 1606 mihi
619 1560 809 1624 persuasum
833 1541 876 1606 sit
899 1558 1105 1623 nequaquam
1128 1543 1316 1625 archetypo,

188 1642 309 1708 nedum
337 1643 442 1726 ipsius
478 1650 596 1726 poetae
632 1642 765 1708 dicendi
802 1642 1051 1725 consuetudini,
1090 1644 1148 1710 sed
1186 1645 1316 1726 vulgari

188 1745 290 1810 medii
325 1746 399 1810 aevi
429 1745 584 1810 Italorum
615 1746 776 1810 latinitati
803 1745 915 1809 deberi
927 1745 966 1830 ²),
1003 1747 1124 1828 ubique
1161 1747 1191 1812 si
1219 1747 1316 1813 modo

183 1865 286 1928 quam
308 1848 514 1914 verissimam
537 1848 653 1914 amissi
679 1847 896 1914 vetustissimi
928 1847 1005 1913 libri
1035 1849 1178 1931 effigiem
1206 1851 1316 1916 animo

186 1951 361 2034 concipere
401 1951 563 2028 volumus,
601 1951 734 2016 nativas
774 1951 896 2016 formas
935 1970 1011 2016 mss.
1051 1953 1118 2017 DV
1152 1972 1315 2019 consensu

188 2053 331 2119 traditas
354 2054 389 2117 in
413 2054 575 2137 Propertii
596 2054 768 2119 verborum
796 2053 944 2119 ordinem
972 2054 1178 2138 recipiendas
1209 2055 1318 2122 existi-

126 2207 129 2212 .
185 2176 330 2222 mamus:
354 2157 515 2240 alumnus,
539 2157 700 2231 columna,
723 2163 930 2222 contemnere
952 2157 1050 2222 simil.

273 2260 316 2323 At
346 2259 508 2324 fateamur
536 2259 615 2323 lieet
645 2279 686 2324 ne
717 2259 931 2342 archetypum
961 2259 1093 2341 quidem
1123 2261 1191 2342 his,
1226 2281 1314 2343 ,quae

185 2362 523 2443 commemoravimus,
539 2362 687 2444 vulgaris
699 2362 833 2444 linguae
847 2363 999 2444 vestigiis
1014 2383 1147 2446 prorsus
1160 2365 1314 2443 caruisse,

259 2531 279 2602 ¹)
301 2530 342 2586 cf.
358 2530 505 2595 corssen2,
524 2531 547 2598 I,
567 2535 629 2584 123:
647 2531 714 2584 Erst
732 2531 761 2588 in
775 2531 825 2585 der
837 2532 1090 2600 spiitlateinischen
1101 2531 1314 2603 Volkssprache

187 2617 267 2670 ward
293 2635 311 2686 p
340 2617 412 2672 auch
439 2617 481 2670 als
508 2616 823 2687 Vermittelungsvokal
853 2617 993 2672 zwischen
1025 2636 1052 2670 m
1083 2618 1141 2671 und
1172 2637 1191 2670 n
1219 2617 1312 2688 einge-

185 2702 314 2756 sehoben
334 2703 377 2755 in:

547 2769 698 2839 dampnum
791 2770 983 2840 columpniare

547 2861 746 2924 contempnere
789 2856 940 2926 alumpnus

547 2941 750 3010 sollempnibus
786 2941 937 3011 columpna
954 2959 982 2994 u.
1000 2959 1025 2994 a.

186 3025 244 3078 Die
261 3026 434 3080 Inschriften
453 3026 567 3080 wahren
585 3027 639 3080 seit
657 3026 708 3080 der
727 3026 788 3080 Zeit
811 3027 862 3080 der
880 3027 1030 3082 Gracchen
1050 3026 1096 3080 bis
1119 3025 1213 3080 indie
1232 3029 1314 3096 spite

185 3111 350 3166 Kaiserzcit
369 3112 414 3165 die
434 3112 670 3167 Sohrcibweisen:

257 3197 368 3252 damnei
387 3197 417 3252 C.
438 3201 461 3250 1.
479 3197 512 3250 L.
532 3198 545 3250 l
564 3202 622 3265 577,
641 3215 663 3250 c.
684 3201 698 3249 2
734 3196 865 3262 alumno,
891 3213 931 3251 or.
950 3201 1017 3250 4800
1036 3202 1089 3251 etc.
1126 3196 1169 3252 cf.
1187 3196 1314 3259 Ritschl,

184 3283 254 3336 Prol
274 3283 362 3352 Trin,
374 3302 401 3353 p,
416 3282 469 3337 CII
481 3300 523 3352 sq.
538 3313 569 3321 -
584 3282 770 3348 Schuchardt,
788 3284 805 3336 l.
818 3283 846 3347 l.,
858 3284 881 3347 I,
891 3299 936 3352 pg.
954 3286 1015 3336 149:
1032 3283 1088 3336 Die
1100 3283 1313 3353 Einschiebung

188 3369 241 3423 des
259 3388 278 3438 p
296 3368 436 3423 zwischen
453 3387 480 3422 m
497 3369 556 3421 und
574 3386 588 3422 s
605 3368 663 3421 und
681 3386 708 3420 m
720 3369 803 3421 undt
822 3368 860 3422 ist
878 3368 942 3422 weit
955 3368 1035 3433 alter,
1054 3368 1095 3421 als
1115 3368 1160 3422 die
1172 3368 1313 3422 awischen

185 3473 214 3508 m
233 3454 290 3508 und
309 3474 335 3507 n.

254 3540 274 3610 2)
295 3540 480 3603 Schuchardt,
492 3540 510 3594 l.
523 3541 540 3592 l.
554 3540 585 3604 I.,
603 3533 727 3608 pgslltl:
745 3540 787 3592 Im
805 3543 941 3610 spiiteren
959 3540 1126 3593 Mittelalter
1143 3540 1205 3593 sind
1225 3540 1312 3610 dergl.

186 3625 400 3696 Schneibungen
420 3630 546 3680 iusserst
555 3625 739 3696 gewbhnlich.
766 3625 987 3679 Provenzalisch
1000 3627 1156 3694 colompna,
1168 3625 1314 3694 dampnar,

185 3711 310 3781 dompna
334 3713 483 3782 (dompnus
507 3712 579 3765 Mar.
605 3729 670 3781 pap.
694 3711 760 3781 dipl.
787 3710 926 3764 XXVIII.
949 3711 1042 3764 XXX.
1067 3709 1165 3763 LXXI
1182 3711 1239 3763 und
1259 3710 1312 3779 oft)

185 3793 338 3866 sompniar.
356 3828 388 3836 -
403 3797 530 3867 Contigit
548 3797 608 3850 viro
628 3797 711 3850 docto
730 3803 818 3867 atque
837 3796 1051 3867 diligentissimo
1069 3801 1102 3849 ut
1120 3801 1184 3849 octo
1202 3803 1313 3850 tantum

187 3883 247 3953 (pg.
277 3887 335 3947 149)
354 3883 429 3937 illius
458 3883 617 3952 scripturae
643 3882 812 3936 documenta
838 3882 867 3935 in
894 3881 1094 3936 vetustissimis
1124 3881 1204 3935 libris
1228 3899 1313 3935 manu

183 3969 299 4039 scriptis
324 3969 470 4024 inveniret.
493 4000 528 4008 —
555 3968 649 4032 Quare
680 3968 754 4021 haud
782 3968 840 4022 scio
868 3985 905 4022 an
931 3985 988 4021 non
1011 3967 1081 4020 satis
1108 3967 1252 4036 pensitata
1277 3967 1314 4021 sit

184 4055 223 4110 L.
239 4054 351 4109 Miilleri
376 4055 519 4110 sententia
536 4054 627 4123 praef.
646 4054 683 4107 ad
709 4053 794 4123 Prop.
818 4072 865 4123 pg.
898 4053 953 4106 XV
978 4052 1091 4122 prolata
1116 4051 1187 4106 talia
1209 4052 1239 4105 in
1265 4069 1312 4106 ve-

182 4141 349 4195 tustissimis
379 4141 458 4196 libris
487 4157 574 4209 saepe
602 4156 757 4194 occurrere.
810 4139 893 4202 Quod
926 4156 1010 4209 quam
1040 4137 1248 4191 inconsiderate
1276 4138 1312 4191 sit

183 4227 375 4297 propositum,
402 4231 551 4297 praeterea
585 4223 722 4278 evincitur
749 4241 782 4278 ex
814 4223 974 4290 Ribbeekii,
1001 4223 1127 4294 prolegg.
1145 4223 1230 4292 Verg.
1254 4223 1311 4277 ind.

181 4330 301 4384 gramm.
327 4331 374 4382 pg.
401 4315 459 4380 441,
477 4309 562 4380 Verg.
585 4309 843 4364 vetustissimorum
865 4309 992 4364 codicum
1016 4309 1180 4372 collatione,
1202 4308 1231 4361 in
1256 4326 1312 4378 qua

182 4415 330 4469 perpauca
348 4398 408 4452 eius
426 4396 502 4450 modi
520 4395 647 4465 exempla
664 4395 853 4464 reperiuntur.
