3275 4984
752 399 963 460 ..28-

830 583 873 648 I).

372 717 447 782 Jam
462 737 522 784 nos
537 725 766 784 convertamus
788 720 831 786 ad
846 740 886 785 ca
899 721 1043 797 nomina,
1065 740 1149 802 quae
1164 719 1415 800 inusitatiorem,

287 820 396 900 qualis
416 821 583 886 nonnullis
598 822 632 886 in
647 823 810 905 Propertii
834 823 1013 905 elegiarum
1030 823 1113 889 locis
1136 823 1286 899 cernitur,
1309 821 1418 887 flexio-

288 922 341 987 nis
364 923 525 988 rationem
547 930 734 1006 sequuntur.

369 1025 416 1090 Ac
447 1025 588 1107 primum
617 1025 750 1109 quidem
787 1034 932 1109 constat,
963 1047 1037 1094 cum
1068 1029 1183 1111 lingua
1204 1026 1348 1092 nondum
1372 1025 1415 1092 ad

287 1132 469 1198 concinnas
495 1133 714 1216 elegantioris
745 1133 879 1206 dicendi
909 1133 1157 1200 consuetudinis
1189 1134 1279 1216 leges
1308 1150 1416 1216 perve-

286 1233 399 1314 nisset,
423 1235 522 1318 longo
544 1235 700 1301 maiorem
720 1230 956 1302 'vocabulorum
978 1256 1147 1302 numerum
1166 1236 1253 1301 inter
1265 1235 1415 1300 diversas

285 1334 478 1402 declinandi
508 1339 654 1422 rationes
677 1337 870 1418 fluctuasse,
901 1359 998 1421 quam
1020 1339 1161 1422 Augusti
1193 1344 1318 1417 aetate,
1350 1356 1415 1418 qua

284 1459 392 1521 pauca
414 1440 555 1524 duplicis
578 1441 631 1507 vel
644 1441 869 1508 insolentioris
892 1439 1042 1508 flexionis
1057 1441 1199 1523 vestigia
1214 1447 1270 1507 aut
1290 1440 1415 1506 rustica

288 1540 421 1606 dicendi
444 1543 681 1610 consuetudine
711 1551 843 1610 servata
873 1552 930 1608 aut
952 1564 1030 1610 vcra
1053 1564 1093 1609 ex
1116 1547 1290 1610 vetustatis
1313 1561 1416 1608 recor-

286 1643 422 1710 datione
445 1667 465 1710 a
488 1646 701 1730 scriptoribus
723 1647 974 1730 usurpabantur.
1017 1648 1088 1712 Huc
1110 1647 1250 1730 primum
1273 1646 1415 1730 pertinet

286 1746 374 1829 apud
397 1748 602 1831 Propertium
625 1768 706 1815 vox:
729 1749 927 1814 exuvium
952 1756 979 1827 5,
1005 1755 1053 1830 10,
1077 1755 1112 1816 6:

541 1857 574 1916 et
596 1851 715 1916 exuvm
739 1852 857 1935 plenus
880 1853 922 1917 ab
945 1852 1038 1918 hoste
1060 1850 1165 1918 redis:

284 1953 417 2034 (exuuio
441 1953 526 2032 DV,
560 1953 679 2019 eximio
703 1955 730 2020 p
761 1955 866 2036 (Vmg.
889 1975 929 2020 ιιι.
953 1959 986 2026 2)
1016 1955 1134 2020 exvivo
1157 1955 1212 2032 N),
1239 1971 1338 2036 quam
1361 1969 1414 2018 res

286 2061 337 2120 est
359 2055 534 2122 notIssima
556 2055 734 2122 secundum
758 2057 963 2122 usitatiorem
986 2057 1120 2139 linguae
1143 2053 1414 2121 consuetudinem

286 2157 380 2240 sequi
403 2158 563 2242 pluralem
585 2179 672 2224 num.
694 2159 822 2242 primae
844 2158 1087 2240 declinationis,
1110 2158 1218 2241 qualis
1239 2156 1275 2222 in
1297 2156 1414 2239 elegiis

291 2266 417 2325 exstat:
468 2343 470 2346 v

368 2363 558 2429 exuvias
582 2368 609 2442 3,
635 2368 683 2442 14,
707 2366 763 2446 283
791 2364 919 2443 exuuiis
943 2369 971 2444 5,
997 2369 1023 2443 1,
1048 2368 1125 2445 1163
1155 2367 1183 2443 8,
1206 2366 1260 2445 63;
1290 2366 1338 2442 11,
1362 2364 1412 2426 43.

369 2465 499 2538 Deinde
522 2472 639 2532 serta
662 2465 916 2546 substantivum,
939 2465 1026 2548 quod
1048 2465 1194 2531 neutrius
1218 2484 1290 2546 gen.
1312 2462 1411 2544 vulgo

284 2567 422 2633 alteram
445 2568 701 2634 declinationem
733 2569 827 2652 sequi
850 2569 948 2649 solet,
980 2590 1000 2633 a
1022 2575 1133 2635 nostro
1161 2575 1259 2651 poeta
1284 2565 1411 2650 primae

283 2670 500 2737 declinationi
518 2671 675 2737 tributum
698 2691 770 2737 esse
792 2671 941 2737 videmus
965 2676 994 2750 3,
1017 2676 1067 2751 33,
1091 2675 1149 2737 37:

368 2773 450 2839 Cum
482 2780 540 2839 tua
570 2774 794 2857 praependent
829 2773 992 2840 demissae
1030 2774 1065 2838 in
1102 2773 1221 2857 pocula
1257 2779 1411 2838 sertae.

282 2874 347 2952 Qui
378 2875 471 2942 locus
492 2875 640 2943 firmatur
661 2876 850 2942 testimonio
883 2876 1009 2942 Charis.
1037 2895 1090 2959 pg.
1117 2881 1185 2951 107,
1212 2879 1267 2939 25:
1305 2881 1412 2955 „serta

283 2985 397 3044 neutro
428 2997 547 3060 genere
576 2978 739 3060 dIcuntur,
774 2985 811 3044 ut
842 2978 1009 3061 Vergilius
1038 2978 1118 3059 (Εοί.
1140 2978 1186 3043 VI
1216 2982 1282 3055 litt:
1322 2983 1411 3041 serta

284 3081 396 3163 procul
419 3088 546 3147 tantum
570 3081 673 3165 capiti
694 3081 833 3165 delapsa
854 3081 1017 3160 iacebant,
1040 3080 1098 3147 sed
1113 3079 1300 3163 Propertius
1324 3077 1412 3142 femi-

282 3183 361 3248 nine
399 3183 517 3248 extulit
550 3184 613 3250 sic:
653 3187 871 3266 tua-sertae.“;
915 3185 1044 3249 Auctor.
1075 3182 1116 3248 de
1147 3182 1222 3248 dub.
1255 3201 1340 3246 nom.
1372 3180 1409 3258 V,

282 3305 312 3368 p.
336 3291 406 3365 auo,
431 3290 480 3350 ar.

368 3389 492 3454 Contra
514 3388 668 3469 leguntur
690 3389 789 3453 ctiam
812 3388 848 3452 in
872 3387 988 3470 elegiis
1011 3387 1105 3452 metri
1119 3386 1303 3452 rationibus
1326 3384 1409 3449 fida:

367 3491 489 3556 Serta
518 3489 698 3555 Philetaeis
728 3497 853 3555 certent
881 3492 1030 3556 Romana
1059 3489 1223 3575 corymbis
1255 3494 1288 3566 5,
1315 3493 1344 3568 6,
1374 3492 1410 3562 3;

366 3592 490 3668 Mollia,
512 3591 702 3674 Pegasides,
726 3591 802 3657 date
825 3599 934 3658 vestro
957 3600 1045 3658 serta
1066 3599 1184 3676 poetae
1207 3597 1235 3670 4,
1262 3596 1289 3666 1,
1310 3591 1339 3656 9.

367 3695 484 3762 Utrum
509 3713 563 3759 en:
593 3699 723 3773 sertum,
747 3715 790 3758 an
813 3714 870 3760 ex:
899 3702 988 3761 serta
1018 3714 1114 3761 casus
1136 3690 1337 3759 derivanduo
1360 3691 1413 3767 sit,

280 3796 463 3862 diiudicari
485 3816 552 3862 non
574 3795 667 3861 liceto

367 3899 503 3964 Adferat
529 3899 611 3962 haec
646 3904 815 3980 unguenta
851 3897 933 3962 mihi
970 3897 1130 3980 sertisque
1167 3896 1354 3980 sepulcrum
1383 3901 1413 3977 4,

285 4007 334 4082 16,
357 4005 397 4067 23
411 4007 443 4079 1).

368 4106 543 4169 Praeterea
553 4100 734 4166 notandum
749 4108 799 4167 est
814 4100 1008 4166 vocabulum
1021 4121 1108 4165 num.
1126 4099 1207 4183 plur.
1221 4107 1309 4165 neut.
1324 4119 1414 4182 gen:

351 4290 369 4358 ¹)
391 4288 433 4343 Of.
452 4287 612 4354 Frahnert,
631 4286 648 4338 l.
666 4286 683 4338 l.
702 4303 748 4355 pg.
769 4289 814 4352 363
831 4286 936 4350 Ewald,
954 4285 1054 4339 Philol.
1067 4286 1136 4340 Ana.
1151 4285 1231 4349 VIII,
1245 4289 1270 4354 8,
1288 4303 1336 4356 pg.
1349 4289 1409 4340 409.
