3275 4984
638 383 849 484 ..33ss

175 607 262 668 quae
285 589 384 670 vulgo
408 595 524 670 quarta
547 594 691 664 uocatur,
712 588 747 651 in
770 627 811 636 -
833 589 923 652 ibam
945 609 1003 672 pro
1027 627 1068 636 -
1089 589 1199 653 iebam
1221 588 1301 654 desi·

174 691 286 756 nentis
309 709 382 755 cum
397 690 577 772 singularis
599 690 716 755 forma:
739 691 828 754 ibam
844 691 936 755 verbi
954 680 1093 772 >eundi‘
1115 711 1174 773 per
1192 692 1318 756 omnia·

173 792 313 875 linguae
345 793 477 859 saecula
508 793 672 859 communi
702 811 763 858 usu
795 792 1014 876 adoptaretur,
1037 793 1204 858 tamenin
1226 814 1303 858 non-

171 895 277 960 nullis
305 896 404 960 etiam
433 896 509 961 aliis
540 895 686 960 eiusdem
718 895 962 977 coniugationis
989 896 1099 961 verbis
1121 896 1174 960 vel
1196 904 1303 978 poste·

171 997 278 1063 riores
307 1004 423 1081 poetae
438 1001 462 1076 1)
493 1017 725 1081 saepenumero
755 1016 836 1063 sane
865 998 960 1062 metri
983 1017 1101 1064 caussa
1123 999 1299 1080 genuinam

171 1105 207 1162 et
229 1100 373 1182 priscam
395 1101 658 1165 terminationem
680 1099 953 1182 redintegrarunt.

262 1203 306 1268 Ut
335 1203 370 1266 in
400 1203 591 1286 imperfecto
620 1210 756 1284 quartae
784 1203 1027 1285 coniugationis
1049 1211 1166 1286 poetae
1188 1212 1299 1271 nostro

171 1311 321 1369 veterum
353 1325 442 1370 more
473 1305 654 1369 breuiorem
687 1305 825 1370 formam
855 1326 914 1388 pro
949 1306 1096 1388 pleniore
1128 1307 1299 1372 usitatiore

172 1404 303 1473 duobus
326 1408 416 1488 locis,
439 1407 488 1472 ita
509 1406 655 1473 eiusdem
678 1408 922 1490 coniugationis
937 1409 1080 1490 priscum
1103 1408 1245 1473 futurum
1263 1411 1299 1474 in
1356 1477 1359 1484 ,
1447 1428 1449 1437 ’

172 1547 217 1556 -
240 1509 295 1574 ibo
318 1509 440 1574 cadens
463 1509 604 1578 scribere
626 1510 758 1593 placuit,
782 1510 865 1576 scil:

89 1611 377 1724 {f-lenibunt
400 1618 428 1692 4,
448 1616 497 1692 21,
521 1615 569 1677 32.

27 1705 68 1763 bb
263 1713 348 1779 Sunt
371 1733 451 1780 sune
474 1712 561 1796 apud
580 1714 731 1779 Plautum
754 1721 786 1778 et
804 1713 994 1779 Terentium
1009 1719 1034 1790 ΙΙ
1055 1714 1153 1779 huius
1175 1716 1300 1781 formae
1402 1759 1407 1774 ,

173 1816 327 1900 exempla
341 1817 619 1898 frequentissima:
636 1817 724 1900 apud
740 1817 927 1882 Lucretium
941 1823 973 1880 et
988 1824 1111 1900 poetas,
1126 1819 1182 1899 qui
1197 1818 1302 1902 ipsius

173 1919 339 2003 Propertii
361 1926 470 1982 aetate
492 1917 660 2000 florebant,
682 1919 807 1984 nullam
830 1919 992 1984 eiusmodi
1014 1919 1172 1985 invenies.

262 2023 331 2086 Nec
361 2022 470 2086 minus
501 2021 708 2105 perspicuum
731 2022 832 2102 prisci
855 2023 1014 2087 sermonis
1039 2023 1215 2104 vestigium
1239 2042 1303 2087 cer·
1373 2076 1374 2079 ,

163 2125 265 2190 nitur
287 2125 322 2189 in
344 2123 517 2207 perfectis:
738 2133 740 2141 ‘

172 2225 370 2292 reccidit
399 2232 431 2308 5,
464 2229 490 2306 8,
523 2231 563 2289 44
585 2226 615 2290 N
637 2227 713 2289 Luc.
736 2225 869 2307 Mttller,
891 2226 1007 2290 Baehr.
1030 2226 1148 2292 recidit
1169 2228 1196 2291 F
1219 2227 1302 2292 deci·

173 2329 226 2394 dit
248 2330 309 2395 DV
324 2331 349 2407 ³)

171 2432 369 2516 repperit
384 2436 411 2508 3,
425 2435 474 2512 33,
487 2436 525 2496 27
541 2431 644 2510 FDV3
662 2431 739 2494 Luc.
753 2430 877 2509 Mulier,
893 2431 1010 2499 Baehr.
1025 2431 1146 2513 reperit
1162 2431 1200 2512 N,
1216 2452 1300 2513 quae

173 2534 301 2600 formae
333 2534 528 2618 optimorum
558 2532 707 2598 ecdicum
739 2533 901 2615 scriptura
928 2533 1128 2615 geminatam
1157 2533 1301 2598 litteram

172 2656 190 2702 o
216 2639 269 2702 vel
291 2656 312 2720 p
335 2637 501 2721 praebent.

263 2741 328 2805 Res
352 2737 484 2821 quidem
507 2745 557 2804 est
572 2738 753 2813 notissima,
777 2738 812 2802 in
834 2738 944 2820 prisca
958 2738 1191 2819 coniugatione
1213 2738 1321 2804 redu-⁴

171 2843 388 2925 plicationem
422 2841 523 2907 multo
554 2841 654 2906 latius
694 2840 855 2924 patuisse,
891 2860 989 2922 quam
1018 2859 1137 2905 aureae
1165 2841 1300 2924 linguae

172 2950 293 3009 aetate.
349 2944 396 3009 cf.
427 2944 603 3024 Corssen2,
639 2945 678 3023 ΙΙ,
705 2962 757 3026 pg.
787 2945 848 3006 248
877 2963 922 3024 sq.
966 2943 1050 3006 Nam
1085 2962 1157 3007 cum
1184 2943 1300 3026 lingua

168 3047 279 3111 latina
302 3047 408 3128 magis
431 3047 602 3128 magisque
632 3046 673 3109 ab
696 3045 885 3110 hominibus
908 3044 1063 3109 litteratis
1086 3045 1297 3124 excoleretur,

170 3148 260 3213 hanc
282 3148 318 3213 in
340 3149 484 3232 perfeeto
507 3147 800 3230 reduplicationem
832 3147 954 3212 sensim
985 3145 1191 3212 debilitatam
1214 3148 1301 3214 vide·

170 3271 257 3328 mus,
278 3258 314 3315 ut
336 3251 505 3316 Ciceronis
528 3250 728 3334 temporibus
749 3269 875 3332 paucae
896 3249 987 3314 illius
1009 3249 1110 3332 prisci
1140 3251 1300 3318 sermonis

171 3352 425 3419 consuetudinis
455 3353 614 3434 reliquiae
641 3359 776 3418 exstent.
823 3350 918 3430 Quod
948 3353 1002 3416 vel
1024 3353 1166 3417 maxime
1189 3351 1298 3417 dioen-

171 3454 253 3520 dum
272 3463 322 3522 est
339 3454 380 3520 de
398 3454 507 3520 verbis
523 3455 720 3538 compositis,
744 3455 862 3536 quibus
885 3455 920 3518 in
942 3454 1091 3536 plurimis
1115 3455 1299 3522 scribendis

170 3711 223 3764 pg.
246 3697 301 3748 137.
321 3723 354 3732 ——
383 3692 489 3764 Reisig,
506 3693 524 3746 l.
542 3694 569 3758 l,
586 3711 632 3764 pg.
652 3697 711 3746 225.
734 3724 768 3732 -
799 3693 902 3762 Zumpt
920 3690 940 3766 ξ
960 3696 1016 3744 162.
1033 3723 1068 3730 -
1095 3691 1187 3763 Bopp,
1204 3693 1300 3764 Vergl.

170 3779 329 3834 Grammat
347 3778 384 3842 II,
403 3795 450 3849 pg.
469 3782 525 3832 405,

247 3865 266 3932 ¹)
287 3864 453 3918 Ceterorum
471 3864 572 3918 similia
590 3864 802 3934 diligentissime
822 3864 979 3933 composuit
997 3864 1102 3928 Neuel,
1120 3863 1158 3928 Π,
1176 3881 1222 3934 pg.
1241 3869 1300 3918 448.

244 3951 264 4020 ⁹)
286 3949 329 4004 of.
348 3949 453 4012 Neuel,
472 3950 510 4015 ΙΙ,
528 3968 575 4020 pg.
593 3954 650 4004 448.
681 3979 710 3989 -
742 3949 812 4003 Luc.
830 3949 941 4014 Miiller,
958 3949 1004 4003 De
1021 3965 1052 4002 re
1070 3954 1158 4012 metr,
1176 3967 1222 4020 pg.
1241 3955 1301 4005 402.

244 4035 266 4096 ³)
285 4035 369 4088 Hane
392 4035 562 4104 scripturam
586 4051 616 4088 re
643 4051 712 4088 vera
733 4035 903 4106 Augustano
932 4051 1003 4088 aevo
1030 4033 1210 4088 tribuendam
1236 4052 1300 4089 esse

169 4120 315 4175 evincitur
342 4120 527 4191 inscriptione
556 4121 645 4190 ipsius
669 4121 783 4175 aetatis:
813 4118 1053 4184 RECCIDISSE,
1076 4119 1111 4172 cf.
1135 4119 1299 4186 Mommsen,

170 4207 251 4260 Zwei
269 4205 591 4276 Sepuloralinschriiten‚
609 4224 656 4276 pg.
674 4211 732 4260 465.
752 4237 782 4248 ·-
808 4206 954 4270 Oorssens
972 4205 994 4269 Ι,
1012 4222 1058 4274 pg.
1077 4208 1116 4258 38.
1144 4236 1177 4243 —
1207 4206 1299 4259 Lach-

166 4310 259 4346 mann
278 4292 314 4346 ad
331 4291 446 4346 Lucret.
465 4291 500 4357 V,
519 4297 577 4345 614.
600 4323 633 4332 -
652 4292 695 4346 Cf.
712 4292 840 4356 Kiihner‚
859 4290 881 4355 Ι,
899 4308 964 4360 pgg.
984 4293 1034 4342 483
1052 4307 1094 4359 sq.

1129 4378 1144 4427 3
