3275 4984
613 487 825 544 ...41-

156 652 322 716 rationem
358 656 514 733 quantam
551 649 766 732 sagacitatem
795 655 828 714 et
864 649 1045 714 doctrinam
1083 646 1286 733 impenderit,

155 773 222 818 non
248 762 297 820 est
320 774 376 819 cur
398 754 528 836 longius
549 773 789 837 persequamur.
835 753 894 818 Sat
913 752 1000 817 enim
1023 759 1073 818 est
1096 752 1232 817 laudata
1255 759 1287 817 et

155 857 298 940 probata
320 878 341 920 a
363 856 468 922 doctis
491 864 523 921 et
545 856 701 938 gravibus
724 855 851 934 viris1).

244 960 319 1024 Jam
341 966 377 1024 ut
399 960 459 1024 has
482 959 628 1024 rationes
655 979 675 1022 a
697 959 909 1022 Lachmanno
940 964 972 1022 et
1001 957 1180 1023 Ritschelio
1212 976 1286 1021 acu-

158 1061 296 1127 tissimis
319 1061 463 1144 ingeniis
487 1061 731 1126 commendatas
754 1061 788 1124 in
811 1060 975 1143 Propertii
997 1061 1157 1141 carmina,
1180 1057 1289 1142 quoad

154 1162 189 1227 id
221 1164 353 1250 quidem
376 1185 433 1248 pro
456 1165 539 1229 meis
562 1164 686 1229 viribus
705 1170 833 1245 potero,
857 1163 1060 1242 transferam,
1075 1162 1286 1228 —uidentur

155 1266 245 1330 enim
268 1267 349 1331 mihi
378 1272 410 1331 et
431 1269 467 1334 L.
489 1266 644 1332 Mttllerus
677 1272 708 1330 et
729 1265 951 1330 Baehrensius
975 1264 1063 1330 haud
1093 1284 1217 1348 paucos
1248 1265 1283 1329 in

160 1369 329 1434 scribendi
360 1389 479 1451 genere
498 1369 588 1434 locos
619 1368 662 1434 ad
684 1366 923 1432 emendandum
952 1368 1134 1450 reliquisse,
1158 1407 1199 1416 -
1221 1387 1289 1452 pcr-

162 1492 303 1554 magnas
326 1473 408 1536 mihi
429 1471 481 1536 vel
504 1471 767 1555 praeclarissime
790 1471 1077 1552 grammaticorum
1100 1471 1288 1553 antiquissi-

162 1594 290 1638 morum
313 1574 479 1658 praesidio
494 1574 535 1638 ab
549 1574 692 1637 Henrico
706 1573 815 1638 Keilio
838 1574 873 1637 in
895 1573 1000 1638 lucem
1014 1575 1142 1656 prolato
1158 1574 1289 1639 obstare

157 1676 373 1742 difficultates
402 1677 501 1742 facile
524 1677 709 1757 intelleget,
740 1675 796 1757 qui
828 1674 976 1740 codicum
1001 1677 1288 1758 Propertianorum

155 1785 309 1844 naturam
333 1787 429 1862 atque
451 1778 595 1844 indolem
618 1778 810 1860 diligentius
833 1779 1044 1862 perspexerit.

248 1882 385 1947 Constat
413 1881 544 1964 quidem
569 1881 655 1946 inter
679 1899 809 1958 ornnes,
839 1888 875 1945 ut
901 1881 1162 1946 Catullianorum
1185 1888 1217 1946 et
1240 1881 1290 1946 Ti-

157 1983 395 2065 bullianorum,
450 1985 498 2049 ita
546 1983 848 2067 Propertianorum‚
905 1990 1062 2064 quotquot
1101 1985 1289 2049 etiamnunc

159 2093 309 2167 exstant,
339 2086 465 2152 nullum
492 2086 612 2152 librum
643 2107 700 2151 ms.
723 2091 799 2150 ante
825 2085 922 2150 saecl.
945 2086 1045 2166 XIV.,
1074 2086 1173 2168 longe
1194 2087 1292 2169 pluri-

159 2209 232 2254 mos
263 2190 331 2254 XV.
365 2189 495 2254 saeculo
532 2207 603 2254 esse
635 2189 838 2271 conscriptos
852 2192 885 2267 2).
949 2188 1092 2265 Quorum
1121 2210 1138 2254 e
1168 2181 1290 2271 magna

161 2291 375 2356 multitudine
405 2291 525 2379 partim
564 2291 605 2355 ab
639 2292 733 2356 ltalis
771 2290 991 2357 audacissime
1023 2292 1292 2374 interpolatorum

159 2394 283 2476 partim
313 2393 520 2459 librariorum
547 2394 682 2459 inscitia
716 2401 748 2459 et
777 2401 909 2477 stupore
939 2395 1136 2477 pravissime
1166 2415 1293 2479 corrup-

166 2503 275 2562 torum
299 2497 448 2578 quamvis
472 2496 596 2562 codicis
618 2497 842 2579 Neapolitani,
872 2495 908 2561 id
930 2497 1016 2579 quod
1049 2518 1149 2581 supra
1171 2499 1293 2563 monui.

161 2619 254 2680 mus,
289 2600 486 2665 testimoniis
515 2607 551 2664 ut
582 2599 802 2682 integerrimis
832 2600 867 2663 in
903 2600 1133 2666 constituenda
1163 2602 1292 2666 sincera

161 2702 306 2768 lectione
337 2709 466 2786 praeter
496 2710 621 2768 ceteros
652 2702 714 2766 niti
742 2701 936 2779 debeamus,
967 2709 1076 2767 tamen
1103 2704 1138 2767 in
1160 2705 1293 2786 Proper·

163 2805 267 2870 tianis
302 2805 501 2871 carminibus
536 2802 579 2868 ad
615 2804 789 2887 pristinam
824 2805 996 2889 archetypi
1024 2805 1293 2888 orthographiam

162 2907 361 2974 revocandis
397 2926 439 2972 ne
477 2914 628 2991 corrupta
662 2906 792 2989 quidem
834 2908 1025 2990 apographa
1056 2908 1294 2974 contemnenda
1400 2929 1409 2945 ’

163 3030 238 3076 esse
249 3029 336 3075 nunc
352 3030 562 3094 exponamus.
608 3008 702 3088 Quod
716 3009 769 3073 vel
783 3012 925 3074 maxime
941 3031 958 3075 e
973 3011 1292 3076 Raehrensianorum

166 3113 318 3178 codicum
348 3113 459 3178 indole
489 3113 570 3177 mihi
597 3112 788 3196 adparebat,
824 3133 960 3195 quorum
993 3112 1092 3176 etiam
1123 3114 1157 3178 in
1190 3115 1293 3179 ortho-

237 3417 257 3485 1)
276 3415 375 3487 Longe
400 3416 535 3486 plurimas
563 3416 711 3470 Ritschelii
738 3417 918 3486 quaestiones
947 3417 1147 3487 grammaticas
1178 3425 1206 3472 et
1233 3418 1293 3488 epi-

165 3501 318 3572 graphicas
349 3509 415 3556 ante
444 3502 560 3556 Priscae
589 3502 740 3556 latinitatis
770 3502 935 3555 thesaurum
970 3503 1075 3556 editum
1105 3504 1293 3574 pulcherrime

164 3587 321 3641 illustravit
344 3588 375 3643 0.
394 3588 569 3642 Ribbeckius
594 3587 704 3657 (Jahrb.
727 3587 774 3640 fiir
798 3588 880 3641 class.
905 3588 1062 3658 Philologie
1084 3596 1151 3643 tom.
1174 3589 1294 3659 LXXV,

166 3690 191 3726 a.
211 3677 286 3738 1857,
304 3691 369 3744 pgg.
389 3678 549 3738 304-3243
579 3680 636 3728 torn
654 3672 803 3741 LXXVII,
822 3690 846 3728 a.
867 3677 939 3728 1858.
959 3692 1025 3744 pgg.
1045 3678 1092 3726 177
1099 3678 1200 3743 —199)
1220 3692 1294 3729 com·

166 3758 390 3813 mentationibus
413 3777 485 3830 quae
508 3760 708 3814 inscribuntur.
743 3759 857 3827 „Ueber·
878 3760 909 3813 F.
934 3759 1067 3813 Ritsehl’s
1090 3759 1295 3832 Forschungen

167 3862 218 3897 zur
236 3846 284 3898 lat.
304 3845 603 3916 Sprachgeschiohte.“

237 3930 258 3994 ²)
276 3929 322 3983 De
341 3930 531 4001 Neapolitani,
551 3947 633 4001 quem
651 3929 851 3984 Lachmannus
870 3935 899 3984 et
915 3931 1122 4002 Hertzbergius
1145 3949 1296 4002 perperam

167 4015 299 4070 tribuunt
320 4016 402 4070 saecl.
426 4017 506 4082 XIII,
530 4022 625 4071 aetate
649 4015 684 4070 cf.
707 4015 740 4068 L.
759 4015 880 4081 Miilleri,
897 4017 988 4086 praef.
1006 4035 1053 4087 pg.
1070 4017 1115 4069 IX
1132 4035 1183 4087 sq,
1202 4018 1294 4072 denuo

166 4101 301 4155 instituta
319 4102 470 4157 collatione
488 4103 605 4156 maxime
618 4101 795 4172 probabilem
808 4101 1008 4167 coniecturam,
1028 4119 1084 4172 qua
1102 4105 1206 4157 saecl.
1226 4103 1296 4158 XIV

168 4187 225 4241 vel
248 4187 374 4257 potius
393 4188 454 4242 XV
481 4193 613 4242 exaratus
640 4187 752 4241 videtur
774 4187 846 4241 liber
874 4205 925 4242 me.
960 4189 1024 4242 Huc
1051 4195 1201 4258 praeterea
1224 4189 1296 4243 refe-

169 4273 289 4326 rendum
309 4278 359 4337 est,
378 4275 455 4344 quod
474 4275 640 4327 adnotatum
659 4279 702 4326 est
720 4291 766 4343 pg.
781 4273 818 4330 V:
838 4273 970 4328 Ceterum
989 4273 1101 4328 codices
1114 4274 1227 4328 saeculo
1241 4274 1295 4328 XV

169 4357 280 4428 priores
300 4365 396 4413 extant
414 4367 464 4414 aut
482 4359 552 4412 nulli
571 4365 619 4412 aut
637 4358 809 4428 paucissimi.
