3275 4984
739 1278 786 1350 ll.

519 1436 575 1506 De
600 1436 804 1507 verborum
829 1435 1001 1506 flexione.

287 1639 329 1702 Ut
364 1638 399 1702 in
435 1637 729 1718 substantivorum,
763 1635 1000 1703 adieetivorum
1033 1637 1326 1722 pronominumque

192 1740 420 1805 declinatione
450 1738 645 1805 ostendimis
676 1740 837 1823 exemplis
867 1761 966 1823 supra
993 1741 1028 1805 in
1058 1740 1165 1806 lueem
1187 1740 1325 1824 prolatis

194 1843 342 1926 priscum
364 1861 457 1907 usum
480 1843 642 1926 Propertii
669 1849 777 1907 aetate
808 1843 953 1908 nondum
984 1863 1117 1926 prorsus
1140 1843 1325 1926 neglectum

195 1965 280 2026 esse,
303 1946 351 2010 ita
373 1945 407 2009 in
421 1944 513 2009 verbi
531 1943 671 2010 flexione
688 1946 813 2029 passim
829 1947 986 2029 invenies,
1008 1966 1092 2028 quae
1110 1947 1327 2028 antiquiorem

195 2045 467 2112 eonsuetudinem
481 2047 656 2112 manifesto
672 2047 818 2113 redolere
837 2048 1005 2114 oonoedas.
1052 2036 1150 2126 Quod
1168 2070 1235 2113 nen
1257 2055 1325 2112 tam

192 2149 240 2214 de
256 2169 366 2215 eorum
383 2149 515 2214 dicendi
530 2169 650 2232 genere
661 2150 857 2216 monendum
876 2159 933 2232 est,
949 2152 1005 2234 qui
1017 2151 1163 2235 pedestri
1178 2154 1326 2218 oratione

195 2253 382 2334 utebantur,
405 2273 502 2334 quam
532 2260 715 2335 poetarum,
746 2274 828 2336 quos
851 2260 980 2320 oonstat
1003 2275 1236 2339 saepenumero
1259 2277 1325 2321 nen

197 2355 305 2421 solum
324 2375 438 2421 versus
460 2354 663 2434 condicione,
683 2355 741 2422 sed
764 2357 864 2421 etiam
888 2357 1096 2439 antiquitatis
1121 2357 1230 2424 studio
1252 2379 1327 2441 quo·

196 2455 278 2522 dam
300 2465 406 2524 motos
430 2458 552 2523 formas
576 2459 730 2540 antiquas
753 2459 894 2524 orationi
917 2459 1128 2544 implicuisse.

286 2561 402 2642 Itaque
428 2579 500 2624 oum
529 2562 590 2626 hoo
619 2561 727 2644 eapite
749 2560 791 2624 de
813 2562 987 2626 verborum
1009 2561 1098 2646 apud
1121 2564 1325 2646 Propertium

196 2649 395 2728 flexionibus
419 2661 579 2728 disserere
602 2663 637 2727 in
661 2663 770 2729 animo
794 2663 849 2744 sit,
877 2665 925 2728 ita
950 2685 1018 2730 rem
1049 2666 1267 2742 instituemus
1290 2675 1326 2733 ut

195 2766 338 2850 primurn
347 2765 495 2830 dieamus
505 2764 545 2847 de
555 2766 675 2830 veteris
690 2765 842 2832 flexionis
857 2767 1015 2848 reliquiis,
1032 2788 1115 2850 quae
1129 2769 1164 2833 in
1178 2770 1326 2835 ubertate

196 2866 343 2948 quadam
366 2869 633 2932 terminationum
656 2869 709 2933 vel
732 2869 874 2934 maxime
897 2870 1053 2951 eernitur;
1076 2870 1195 2936 deinde
1218 2856 1264 2936 dev
1281 2873 1324 2938 iis

195 2969 290 3034 verbi
313 2969 434 3051 formis,
458 2989 549 3053 quae,
572 2977 608 3035 ut
623 2978 699 3037 sunt
712 2971 842 3036 alienae
866 2994 886 3035 a
908 2973 1075 3054 primitivo
1098 2973 1232 3055 linguae
1254 2995 1324 3049 usu,

196 3091 220 3136 e
242 3072 372 3153 vulgari
394 3072 630 3155 pronuntiandi
653 3073 887 3139 consuetudine
906 3082 997 3140 ortae
1020 3094 1092 3141 esse
1114 3075 1274 3141 videntur.

281 3175 327 3254 A,
357 3175 428 3238 lam
459 3182 495 3240 ut
517 3175 559 3238 ad
582 3176 714 3257 singula
740 3177 826 3259 ipsa,
857 3197 940 3258 quae
963 3177 998 3242 in
1020 3179 1183 3262 Propertii
1206 3179 1322 3261 elegiis

196 3277 327 3359 priseae
349 3275 501 3343 flexionis
524 3285 637 3361 aperta
649 3279 792 3360 vestigia
804 3299 884 3362 prae
906 3299 942 3344 se
964 3280 1080 3362 ferunt,
1103 3282 1326 3346 enumeranda

196 3379 400 3461 perveniam,
434 3380 539 3462 primo
573 3380 614 3444 de
656 3380 818 3446 infinitivo
857 3402 962 3464 praes.
995 3403 1082 3466 pass.
1115 3385 1151 3449 in
1178 3422 1219 3431 -
1241 3387 1290 3450 ier
1302 3393 1325 3464 ¹)

191 3479 371 3546 desinente
393 3501 500 3564 pauoa
522 3502 693 3565 exponam,
717 3483 809 3548 ouius
832 3483 921 3566 apud
941 3492 1088 3550 nostrum
1110 3494 1240 3570 poetam
1265 3490 1327 3554 sin-

197 3583 314 3663 gulare
337 3589 445 3648 exstat
468 3586 664 3668 exemplum:
1296 3582 1301 3595 ‘

283 3687 530 3766 torquerier
554 3693 581 3766 4,
605 3693 632 3766 6,
657 3692 705 3752 39.

284 3785 375 3864 Quae
397 3788 556 3870 plenioris
578 3789 735 3854 infinitivi
758 3790 871 3865 forma,
895 3811 960 3872 qua
975 3792 1119 3868 Plautus,
1142 3795 1316 3861 Terentius

194 3887 367 3954 Lueretius
391 3890 654 3973 frequentissime
670 3893 722 3957 usi
746 3900 829 3973 sunt,
853 3895 1003 3975 quamvis
1022 3895 1057 3960 in
1072 3917 1191 3962 aureae
1205 3899 1325 3964 aetatis

269 4073 289 4143 1)
309 4073 355 4128 De
378 4074 462 4128 huius
486 4076 692 4130 terminationis
717 4077 825 4148 origine
847 4080 1070 4136 luculentissime
1094 4081 1228 4137 disseruit
1253 4085 1324 4140 Lud.

193 4159 300 4228 Lange
332 4160 445 4223 „Ueber
476 4161 522 4215 die
552 4161 675 4233 Bildung
705 4164 754 4217 des
783 4165 833 4218 lat.
863 4166 915 4220 Inf.
947 4167 1110 4222 Praesentis
1140 4169 1267 4224 Passivi“
1295 4171 1325 4224 in

194 4243 437 4312 „Denksohriften
464 4245 514 4299 der
543 4246 569 4300 k.
597 4247 616 4298 k
642 4248 800 4303 Akedemie
827 4251 877 4304 der
902 4251 1147 4308 Wissensohaften
1173 4274 1209 4308 zu
1232 4255 1325 4322 Wien,

188 4328 407 4399 philos-histor.
426 4330 538 4397 Klasse,
557 4333 610 4386 vol.
630 4333 682 4388 X.“
701 4333 836 4399 Kiihner,
856 4336 877 4401 Ι,
895 4353 961 4406 pgg.
980 4343 1028 4390 447
1048 4357 1110 4408 sqq.
