3275 4984
749 393 961 452 ...12-

373 557 446 620 Non
469 557 516 621 ita
539 555 707 622 Dardanio
732 557 867 638 gavisus
890 554 1006 622 Atrida
1029 559 1235 644 triumphost‚

288 658 410 740 ubique
433 679 553 742 graeca
575 660 680 724 forma
703 659 852 724 codicum
875 680 1036 726 consensu
1059 663 1245 732 exhibetur:
1280 661 1413 728 Alcides

229 829 234 834 ,
289 765 317 840 5,
342 765 451 841 9,16;
488 761 802 846 Amphitryoniades
826 765 855 842 5,
878 768 906 841 9,
932 769 967 839 1;
991 763 1123 830 Atrides
1146 771 1173 845 4,
1198 770 1225 844 7,
1248 768 1302 840 23,
1334 770 1413 843 5,1,

290 868 364 936 112;
387 863 518 930 Pelides
542 869 569 946 3,
594 870 643 942 22,
666 870 706 931 34
722 865 828 943 simil,
846 866 964 946 quibus
978 866 1013 930 in
1035 867 1117 933 locis
1141 866 1292 932 omnibus
1308 866 1413 931 latina

285 966 473 1032 terminatio
510 974 641 1052 propter
675 969 771 1032 metri
802 969 893 1050 leges
931 969 1010 1033 ferri
1044 970 1176 1035 omnino
1209 990 1275 1034 non
1305 977 1414 1053 potest

286 1075 418 1150 practer
440 1076 468 1149 4,
492 1076 519 1151 7,
543 1075 597 1136 23:

371 1172 440 1236 Hoc
462 1173 583 1238 iuvene
605 1173 726 1240 amisso
751 1174 891 1240 classem
914 1194 980 1239 non
1003 1174 1102 1240 solvit
1123 1174 1264 1240 Atrides.

371 1274 522 1357 Denique
545 1276 599 1341 hio
618 1275 803 1342 afferendus
827 1283 983 1342 estnec:
1006 1276 1137 1342 Oiliade
1160 1283 1187 1358 5,
1212 1283 1238 1358 1,
1263 1284 1333 1343 117.

372 1377 500 1442 Deinde
524 1378 693 1445 codicibus
717 1387 784 1444 tam
803 1380 944 1446 recentis
969 1381 1089 1446 aetatis
1112 1385 1144 1444 et
1157 1380 1263 1444 Italae
1276 1380 1414 1462 originis

284 1501 349 1546 non
383 1488 508 1546 tantam
539 1481 746 1548 tribuendam
779 1502 897 1548 censeo
928 1483 1155 1548 auctoritatem
1187 1483 1222 1547 in
1253 1483 1415 1566 scriptura

289 1584 473 1649 accusativi
495 1585 663 1649 nominum
686 1605 792 1668 propr.
816 1586 1020 1650 nominativo
1035 1585 1071 1648 in
1095 1623 1134 1633 -
1158 1604 1195 1650 as
1218 1586 1413 1668 exeuntium,

283 1694 441 1769 quantam
471 1690 578 1756 visum
611 1697 660 1756 est
691 1690 901 1755 Baehrensio.
955 1689 1094 1772 Scripsit
1125 1689 1213 1752 enim
1243 1709 1285 1754 nc
1317 1689 1412 1754 metri

285 1790 419 1872 quidem
441 1792 570 1875 legibus
593 1799 758 1876 permotus
782 1811 862 1857 sane
885 1790 1063 1858 secundum
1086 1790 1230 1857 codices:

367 1895 550 1960 Aeneam
581 1901 619 1974 5,
660 1901 693 1974 1,
724 1900 743 1958 2
781 1915 896 1959 eneam
930 1895 1001 1959 FV
1038 1895 1122 1960 enea
1161 1895 1241 1959 DN
1277 1895 1411 1959 Aenean

287 1996 427 2079 Lachm,
450 1997 626 2079 Hertzbrg,
645 1997 738 2078 Keil,
761 1999 889 2080 Haupt,
911 1997 988 2061 Luc.
1011 1997 1148 2076 Mbller.;

368 2101 541 2165 Boream
565 2104 592 2179 3,
616 2105 665 2181 26,
689 2106 744 2176 51;

367 2203 520 2286 Hylam
554 2209 581 2280 1,
604 2208 653 2279 20,
677 2207 717 2267 52
740 2203 820 2267 ilam
843 2204 870 2268 F
893 2203 1003 2287 hylaN
1028 2203 1142 2286 hylam
1163 2202 1232 2282 DV,
1255 2201 1345 2285 ylam
1367 2201 1411 2277 A;

365 2305 587 2370 Philetam
611 2310 638 2386 3,
667 2310 715 2386 34,
747 2311 784 2372 31
810 2305 962 2388 philitam
985 2305 1046 2370 DV
1068 2304 1197 2371 filitsr
1229 2304 1348 2387 philita
1369 2305 1408 2385 N,

282 2406 339 2470 ubi
368 2407 467 2472 ceteri
493 2409 690 2474 recentiores
720 2406 862 2474 editores
894 2408 1136 2474 consentientes
1166 2414 1280 2472 contra
1310 2406 1412 2472 libros

283 2529 359 2575 mss.
383 2509 450 2574 fere
464 2510 585 2592 ubique
598 2511 792 2593 scripturam
811 2530 900 2593 per-n
916 2511 1144 2594 probaverunt.
1188 2508 1269 2574 Mihi
1285 2528 1413 2590 quoque

284 2610 506 2677 consideranti
521 2632 684 2696 perpauca
696 2613 785 2679 illius
809 2614 990 2696 scripturae
1007 2633 1106 2696 per-m
1121 2613 1156 2677 in
1171 2611 1411 2692 antiquissimis

282 2712 451 2780 codicibus
473 2715 624 2801 Vergil.¹)
650 2722 779 2782 exstare
807 2724 840 2781 et
864 2716 1063 2797 reliquarum
1086 2712 1344 2779 declinationum
1375 2714 1410 2778 iu

282 2817 471 2884 nominibus
502 2839 607 2902 propr.
640 2818 822 2902 peregrinis
858 2820 1083 2899 accusativos,
1116 2817 1152 2883 id
1182 2816 1269 2899 quod
1299 2817 1410 2899 paullo

282 2919 370 2984 infra
404 2941 620 3004 exponemus,
648 2922 772 3004 passim
803 2941 923 3004 graeca
951 2921 1079 3008 ratione
1101 2920 1258 2986 formatos
1281 2921 1412 3002 Proper·
1469 2938 1472 2941 ·

282 3022 383 3089 tianis
406 3023 501 3090 libris
524 3044 600 3091 mss.
624 3023 779 3104 exhiberi,
803 3024 833 3090 si
855 3045 953 3106 quam
968 3022 1268 3103 commodissimum
1281 3027 1412 3106 Proper-

283 3125 439 3208 tianoque
458 3127 534 3192 stilo
558 3126 760 3192 simillimum
779 3133 904 3192 textum
927 3128 1098 3193 restituere
1111 3145 1269 3206 curamus,
1291 3125 1412 3206 ubique

283 3247 356 3292 cum
379 3230 413 3293 L.
431 3229 566 3294 Mullero
591 3230 643 3294 vel
683 3228 850 3297 adversus
871 3230 1079 3295 membranas
1105 3230 1136 3294 N
1154 3229 1183 3292 A
1200 3229 1227 3293 F
1245 3228 1275 3292 D
1295 3227 1323 3292 V
1345 3247 1413 3310 pro

281 3330 383 3396 bandi
412 3330 565 3396 uidentur
588 3332 770 3398 accusativi
791 3331 859 3398 inu
882 3332 1079 3398 desinentes.

367 3434 450 3498 Item
478 3433 687 3500 accusativus
726 3434 845 3516 singul.
876 3454 1068 3517 graecorum
1105 3434 1291 3509 nominum,
1327 3437 1411 3514 quae

282 3534 468 3617 secundam,
499 3556 597 3617 quam
623 3556 866 3619 nuncupamus,
897 3536 1152 3602 declinationem
1176 3540 1363 3617 sequuntur,
1391 3554 1412 3598 a

282 3639 452 3722 Propertio
476 3639 574 3722 vulgo
591 3644 710 3721 graeca
733 3639 886 3704 flectendi
909 3641 1037 3705 ratione
1059 3639 1283 3704 terminantur.
1326 3638 1411 3702 Nam
1499 3683 1507 3693 ι

283 3759 357 3805 cum
380 3740 526 3807 eiusdem
549 3741 680 3825 generis
703 3743 785 3807 haec
804 3743 954 3826 exempla
973 3743 1177 3825 reperiantur
1199 3747 1231 3805 et
1253 3746 1355 3805 metro
1378 3745 1412 3804 et

282 3843 451 3910 codicibus
473 3845 617 3910 firmata:

352 4115 371 4182 ¹)
391 4113 434 4170 Of.
453 4113 600 4183 Ribbeck,
619 4115 751 4186 Prolegg.
770 4114 855 4186 Verg.
867 4114 925 4168 ind.
944 4132 1058 4184 gramm.
1077 4132 1124 4185 pg.
1137 4117 1201 4168 1021
1219 4112 1411 4167 Accusativus

279 4200 424 4254 nominum
442 4199 616 4256 Graecorum
633 4200 663 4254 in
681 4217 712 4254 as
732 4201 894 4256 exeuntium
911 4201 1080 4254 terminatur
1104 4217 1141 4254 an
1159 4201 1330 4269 (sequuntur
1347 4215 1411 4267 pcr-

279 4303 372 4356 panca
391 4292 574 4356 controversa
594 4285 742 4356 exempla).
