3275 4984
756 417 964 481 ..gq-

382 584 556 648 Praeterea
571 584 633 649 etsi
646 584 852 667 reperiuntur
869 584 1011 667 petenda
1029 591 1055 661 1,
1080 590 1127 664 111,
1150 589 1169 650 9
1184 591 1281 664 (omn.
1299 583 1421 662 codd.);

295 685 457 768 petendus
480 693 508 766 43
532 691 581 763 22,
603 692 644 751 to
659 695 755 764 (omn.
770 685 856 751 codd
866 694 888 768 1,
912 687 1074 767 facienda,
1097 687 1261 770 capienda
1275 688 1371 753 simil.
1386 693 1421 766 ¹),

294 788 490 878 gravissimo
514 795 623 853 tamen
638 789 826 854 testimonio
849 790 1004 854 librorum
1024 810 1090 856 mss
1115 791 1185 854 DF
1202 810 1301 873 supra
1316 790 1417 854 allato

296 891 378 956 satis
408 891 560 956 existimo
591 891 788 968 indicatum,
827 911 868 956 ne
899 893 961 956 hoc
995 893 1127 974 quidem
1158 893 1287 976 priscae
1317 893 1420 958 ortho·

293 994 453 1076 graphiae
476 1013 594 1075 genere
616 995 735 1058 Iibrum
758 994 1017 1060 vetustissimum
1041 996 1195 1075 caruisse,
1218 1016 1316 1078 quam
1339 1015 1420 1061 sane

294 1095 423 1160 librarii
445 1095 547 1162 medii
569 1097 651 1177 aevi,
679 1096 715 1160 id
737 1096 825 1178 quod
847 1097 929 1161 alibi
952 1097 1161 1163 statuendum
1185 1107 1268 1176 erat,
1299 1099 1334 1163 in
1356 1099 1423 1164 vul·

295 1217 407 1279 garam
430 1219 508 1265 suae
532 1200 650 1266 aetatis
673 1201 796 1282 passim
813 1206 1102 1265 commutaverunt.
1147 1201 1328 1267 Vetustatis
1342 1221 1419 1266 vero

296 1301 379 1382 sola,
412 1302 441 1367 si
473 1302 546 1384 quis
578 1309 753 1386 proponat,
796 1301 1025 1367 recordatione
1060 1303 1167 1368 locum
1202 1310 1234 1384 5,
1272 1310 1306 1381 1,
1344 1308 1421 1378 toa:

294 1404 440 1486 petunda
475 1425 515 1492 ex
549 1405 653 1488 ipsius
693 1406 866 1489 archetypi
899 1406 952 1469 vel
989 1406 1169 1471 recentiore
1209 1406 1371 1489 scriptura
1400 1427 1421 1469 a

294 1506 439 1573 librariis
462 1507 612 1572 codicum
630 1508 697 1571 DF
720 1508 755 1571 in
775 1508 993 1589 antiquiorem
1008 1507 1137 1573 demum
1151 1509 1420 1574 transformatam

295 1629 385 1686 esse,
413 1610 483 1676 eius
511 1611 708 1676 sententiam
739 1617 912 1695 propterea
939 1629 1071 1692 prorsus
1102 1611 1183 1675 reici
1204 1611 1294 1692 licet,
1326 1609 1422 1692 quod,

296 1719 332 1777 ut
354 1713 444 1777 nullo
473 1712 538 1777 alio
571 1713 642 1777 loco
673 1712 739 1776 tale
772 1713 915 1778 studium
947 1713 1106 1794 cernitur,
1138 1713 1423 1794 frequentissimus

297 1823 346 1882 est
374 1816 581 1880 librariorum
612 1816 647 1879 in
677 1815 790 1882 formis
821 1815 984 1881 eiusmodi
1014 1816 1197 1882 scribendis
1228 1817 1422 1881 recentioris

298 1919 552 2002 orthographiae
574 1938 662 1984 usus.

381 2021 464 2102 Jam,
487 2022 642 2104 quoniam
664 2021 751 2085 inter
773 2040 808 2086 se
832 2020 1019 2105 discrepant
1042 2021 1204 2088 editiones
1227 2022 1423 2087 Miilleriana

296 2131 327 2189 et
349 2125 605 2206 Baehrensiana
633 2124 816 2208 proximam
839 2124 1051 2190 instituamus
1074 2126 1316 2207 quaestionem,
1347 2133 1422 2189 utra

296 2228 463 2294 scribendi
485 2229 568 2292 ratio
591 2228 828 2292 monimentum
855 2248 898 2291 an
927 2235 1171 2293 monumentum
1202 2229 1237 2292 in
1259 2228 1422 2312 Propertii

298 2331 497 2396 carminibus
520 2331 627 2412 magis
651 2330 694 2396 sit
715 2328 894 2412 probanda.

381 2434 429 2499 Ao
442 2434 582 2516 primum
597 2440 673 2497 ante
688 2433 827 2514 Augusti
843 2439 985 2497 aetatem
999 2434 1194 2516 scripturam
1208 2434 1423 2499 recentiorem

296 2536 362 2600 iam
385 2536 533 2618 viguisse
555 2543 717 2605 testantur·
739 2536 991 2618 inscriptionum
1014 2537 1179 2620 exempla:
1208 2537 1425 2602 MONIMIIN-

297 2639 405 2704 TUM:
429 2640 464 2705 Ο.
488 2639 515 2704 J.
539 2639 574 2703 L.
597 2639 623 2718 Ι,
649 2644 739 2719 11114,
765 2643 846 2703 1015
870 2670 912 2694 =
933 2640 967 2703 P.
990 2640 1025 2703 L.
1048 2641 1088 2703 11.
1110 2641 1137 2704 Ε
1171 2647 1192 2704 1.
1215 2641 1421 2706 LXXXVIII

298 2742 384 2817 ΒΟς
418 2742 452 2807 C.
475 2740 503 2804 J.
526 2741 560 2804 L.
585 2741 608 2819 Ι,
641 2745 721 2805 1105
745 2771 787 2794 =
817 2742 851 2805 Ρ.
881 2742 916 2805 L.
942 2742 982 2805 Μ.
1015 2743 1049 2805 Ε.
1079 2750 1092 2806 1
1128 2743 1206 2806 LIX
1236 2743 1273 2806 A.
1305 2743 1424 2808 MONI-

297 2843 448 2908 MENTO
479 2843 513 2908 O.
543 2843 571 2907 J.
603 2844 694 2919 Lai,
728 2848 821 2924 1258,
854 2846 935 2909 1393
958 2872 1002 2900 =
1023 2844 1057 2907 P.
1079 2845 1114 2908 L.
1137 2846 1177 2908 11.
1200 2845 1236 2908 Ε.
1259 2853 1280 2909 1.
1303 2846 1423 2925 LIXF3

297 2945 471 3010 LXXVIII
493 2947 528 3009 F.
551 2945 616 3023 101.
635 2946 818 3021 (16166611ῧῆ
841 2947 865 3025 Ι,
888 2966 941 3029 pg.
964 2951 1048 3025 333)

206 3107 208 3112 .
384 3048 477 3126 Quae
498 3048 588 3114 illius
615 3049 735 3114 aetatis
763 3047 929 3114 scribendi
960 3048 1044 3113 ratio
1067 3047 1213 3113 firmatur
1236 3051 1424 3115 testimonio

300 3150 436 3216 Cornuti
459 3150 547 3234 apud
569 3151 717 3217 Cassiod.
740 3152 810 3232 vlt
837 3157 905 3232 150,
931 3156 986 3216 11:
1009 3152 1182 3217 Terentius
1205 3152 1306 3216 Varro
1330 3151 1426 3216 tradi-

299 3253 348 3317 dit
363 3253 537 3318 Caesarem
560 3273 618 3336 per
639 3254 651 3317 i
675 3254 746 3319 eius
769 3252 859 3319 modi
881 3255 982 3318 verba
1005 3254 1135 3319 solitum
1160 3274 1231 3320 esse
1254 3255 1426 3319 enuntiare

300 3363 332 3420 et
356 3355 513 3420 scribere:
544 3356 621 3420 inde
653 3363 784 3439 propter
813 3357 1044 3422 auctoritatem
1065 3357 1151 3421 tanti
1172 3357 1236 3421 viri
1260 3363 1427 3422 cousuetu-

300 3457 410 3522 dinem
434 3458 564 3522 factam.
592 3458 650 3523 sed
674 3477 734 3540 ego
761 3459 796 3523 in
819 3459 1041 3541 antiquiorum
1064 3459 1166 3523 multo
1188 3459 1298 3540 libris,
1328 3480 1426 3541 quam

303 3713 491 3778 caedendum,
517 3703 684 3784 capiendum
705 3712 867 3768 faciendum
891 3730 943 3782 per
967 3730 982 3766 e
1007 3713 1102 3782 potius
1127 3731 1212 3782 quam
1229 3731 1281 3783 per
1299 3734 1325 3769 u.
1363 3716 1426 3780 Quo

300 3804 454 3870 praecepto
487 3798 530 3852 vir
560 3799 761 3870 grammaticus
788 3799 817 3852 id
844 3799 937 3869 egisse
964 3792 1088 3866 videtur,
1121 3806 1153 3852 ut
1186 3799 1215 3852 in
1244 3807 1327 3856 tanta
1353 3802 1427 3855 inter

300 3892 451 3955 utramque
470 3886 639 3955 scripturam
657 3885 844 3939 fluctuatione
863 3890 942 3939 certa
954 3884 1076 3954 denique
1094 3885 1235 3938 scribendi
1248 3887 1322 3940 ratio
1334 3886 1427 3940 firma-

301 3977 388 4025 retur.
409 4001 441 4010 -
461 3970 617 4024 Praeterea
636 3972 670 4025 cf.
689 3970 917 4034 Weissenborn,
934 3970 980 4023 De
999 3971 1137 4043 gerundia
1156 3978 1185 4024 61
1203 3973 1360 4041 gerundivo
1379 3975 1429 4026 lat.

293 4056 429 4126 hugues,
456 4056 568 4109 Isenaci
597 4060 670 4110 1844.
697 4087 730 4096 --
750 4055 886 4124 Corssen,
913 4054 989 4108 Krit.
1016 4055 1162 4126 Bcitrige,
1190 4074 1236 4126 pg.
1267 4061 1429 4128 1111611.-

301 4141 470 4204 Brambaeh,
489 4143 505 4194 1.
525 4141 541 4194 l.
562 4159 607 4212 pg.
629 4147 677 4195 106
696 4159 738 4212 sq.
759 4172 787 4180 -
809 4141 1037 4212 Neue‘2‚11‚pg.
1056 4145 1105 4194 346
1124 4160 1164 4211 sq.

295 4258 298 4262 -
371 4227 392 4294 ¹)
412 4227 456 4280 De
479 4227 610 4296 gerundii
638 4234 666 4281 et
688 4226 839 4296 gerundivi
863 4224 1024 4296 frequentia
1048 4226 1077 4279 in
1100 4227 1297 4298 Propertianis
1328 4228 1429 4300 elegiis

306 4313 341 4365 cf.
359 4311 509 4376 Frahnmt,
528 4314 544 4366 1.
564 4311 582 4364 1.
600 4329 666 4382 ρςς.
686 4317 761 4365 2-4.
