3275 4984
763 361 977 423 ..48-

389 527 445 606 „ln
465 527 645 620 archetypo
668 533 738 592 erat
753 527 910 610 seriptum
934 544 1005 591 eom
1020 532 1151 605 tractus,
1174 546 1232 610 pro
1249 546 1312 609 quo
1331 527 1438 590 babet

304 629 332 695 G
364 635 562 706 contractus,
593 631 624 694 N
654 630 806 711 graviore
846 629 1100 713 interpolatione
1130 648 1203 693 eum
1243 630 1436 693 attractus.“

303 751 376 796 eum
399 737 521 797 traotus
543 733 578 796 L.
601 732 657 811 Μ,
688 751 760 797 oum
784 738 913 798 atratus
937 731 1055 796 Baehr.
1086 732 1195 797 minus
1217 731 1438 815 probabiliter

304 835 440 917 scripsit,
464 835 613 916 quamvis
637 853 710 898 oum
733 842 900 900 traotus
924 835 991 900 DV
1013 835 1107 899 libris
1130 854 1205 900 mss.
1228 834 1378 899 firmetur.

388 937 479 1001 Haeo
510 937 609 1018 igitur
639 938 804 1020 exempla,
837 938 866 1002 si
888 937 962 1019 quis
983 937 1019 1000 id
1050 938 1132 1019 agit,
1159 945 1195 1002 ut
1216 937 1434 1020 Propertiana

305 1039 453 1104 earmina
482 1039 517 1103 in
549 1039 800 1121 orthographiae
840 1058 959 1121 genere
992 1039 1149 1104 Italorum
1185 1040 1368 1104 temeritate
1399 1045 1435 1103 et

306 1141 441 1205 lieentia
463 1141 653 1206 foedissime
668 1149 828 1224 corrupta,
851 1148 1008 1224 quantum
1031 1141 1101 1206 fieri
1122 1141 1236 1224 possit,
1259 1141 1302 1206 ad
1325 1142 1437 1206 arohe-

304 1244 375 1328 typi
410 1245 633 1326 integritatem
669 1252 815 1324 revocet,
848 1245 879 1308 ei
913 1245 1098 1310 reverentia
1134 1244 1275 1327 quadam
1311 1245 1433 1309 veteris

305 1347 405 1411 moris
421 1345 593 1412 retinenda
607 1347 832 1412 existimanus.
875 1349 943 1412 Neo
954 1368 1031 1413 vero
1045 1367 1218 1430 possumus
1231 1346 1435 1428 intellegere,

305 1468 361 1513 our
383 1450 418 1512 L.
441 1449 610 1530 Mffllerns,
640 1450 696 1532 qui
724 1450 786 1516 etsi
815 1451 851 1514 in
877 1449 1105 1515 constituendo
1129 1450 1316 1515 Catulliano
1339 1456 1432 1513 textu

303 1550 355 1614 vel
387 1557 502 1615 eontra
536 1551 638 1618 libros
670 1571 746 1617 mss.
777 1551 899 1616 formas
933 1553 1060 1633 quales:
1094 1552 1269 1634 ingenuos,
1307 1571 1433 1627 aevom,

300 1677 419 1723 novom
450 1658 545 1723 simil.
572 1658 779 1741 probavit1),
808 1665 919 1723 tamen
949 1657 984 1721 in
1007 1658 1221 1740 Propertiano
1244 1659 1330 1722 hano
1352 1657 1432 1739 pris·

302 1780 374 1824 eam
389 1759 554 1826 scribendi
568 1761 727 1826 rationem
747 1761 939 1843 neglexerit
984 1757 1095 1837 Quid?
1118 1760 1315 1843 Propertius,
1337 1760 1431 1825 euius

305 1862 442 1934 oodioes.
466 1870 623 1945 quotquot
645 1883 732 1928 nuno
746 1870 888 1939 exstant,
911 1861 1025 1928 eadem
1040 1862 1107 1926 fere
1127 1869 1235 1926 aetate
1253 1860 1432 1943 eodemque

303 1965 387 2029 Italo
421 1965 628 2030 librariorum
662 1985 782 2047 genere
819 1966 997 2048 conscripti
1030 1969 1152 2045 suurn,
1188 1984 1261 2029 oum
1292 1965 1335 2031 sit
1363 1965 1432 2028 fere

303 2067 451 2147 aequalis
503 2069 703 2134 Veronensis
751 2075 868 2151 poetae
900 2068 1051 2149 idemque
1091 2086 1194 2148 genus
1229 2067 1339 2150 poesis
1372 2066 1433 2130 ele-

305 2170 433 2251 giaeum
464 2170 620 2252 profitens
658 2190 767 2236 nonne
798 2170 899 2236 simili
929 2189 1002 2235 eum
1036 2190 1131 2236 usum
1161 2188 1233 2234 esse
1267 2168 1431 2234 scribendi

304 2272 431 2336 ratione
447 2279 544 2354 atque
559 2273 723 2338 Catullum
746 2274 880 2356 propius
903 2271 946 2337 ad
964 2273 1135 2337 veritatem
1158 2270 1287 2336 aceedit
1309 2272 1432 2336 eonieo-

304 2372 401 2440 tura?

391 2473 456 2540 Sed
486 2481 522 2540 ut
552 2477 770 2557 apertissimis
803 2484 890 2542 oerte
924 2476 1120 2542 testimoniis
1153 2475 1226 2540 niso
1258 2494 1298 2539 ex
1333 2494 1432 2558 supra

305 2576 416 2642 allatis
439 2577 580 2643 formae:
616 2598 716 2659 equos
740 2584 771 2661 3,
796 2585 846 2659 34,
870 2583 926 2661 383
962 2578 1138 2644 Volsnnios
1162 2583 1190 2659 5,
1213 2583 1241 2656 2,
1265 2583 1300 2658 4,
1333 2597 1431 2658 quom

303 2679 438 2758 (oonieo.
462 2699 503 2744 ex
524 2686 633 2761 quem)
663 2687 691 2761 5,
717 2687 745 2761 6,
772 2687 812 2748 36
834 2683 911 2746 Luo.
933 2681 1071 2746 Mtlllero
1093 2681 1286 2764 placuerunt
1309 2679 1431 2761 dignae

305 2784 445 2864 quaein
475 2789 600 2848 textum
629 2785 864 2867 reaper-entur,
890 2785 939 2850 ita
970 2804 1050 2850 sane
1079 2804 1146 2848 non
1176 2782 1343 2863 videmus,
1375 2802 1432 2847 our

304 2905 415 2951 rursus
438 2885 560 2952 formas
583 2886 714 2968 quales:

305 2988 451 3054 voltus
481 3007 507 3052 o.
531 3008 627 3054 nasus
659 2988 737 3054 inde
761 2989 826 3054 der.
850 3013 855 3052 :
880 2994 908 3068 3,
935 2995 981 3054 10.
1004 2992 1036 3066 93
1068 2994 1096 3066 3,
1119 2993 1168 3070 22,
1192 2993 1244 3069 113
1275 2993 1303 3057 3.
1322 2992 1371 3066 23,
1395 2991 1429 3063 93

306 3096 334 3170 4,
360 3094 406 3174 rs,
431 3094 466 3172 o;
490 3097 517 3172 5,
541 3095 569 3168 3,
592 3095 646 3170 273
671 3097 701 3173 5,
727 3097 754 3172 o,
780 3096 836 3172 333
860 3098 889 3176 5,
913 3094 940 3173 s,
964 3098 1013 3157 st.

305 3395 418 3466 quando
442 3413 493 3464 pro
518 3395 730 3465 praepositione
754 3396 859 3466 legitur
882 3395 953 3465 (scil.
977 3396 1006 3448 in
1030 3396 1091 3450 eod.
1117 3396 1153 3465 N)
1178 3397 1194 3449 ὅ
1219 3396 1274 3449 hoe
1300 3401 1344 3449 est
1368 3411 1430 3462 eon,

306 3480 388 3551 quasi
414 3480 503 3534 fuerit
527 3481 556 3534 in
584 3480 740 3552 archetypo
768 3499 843 3545 eom,
878 3482 955 3551 quod
986 3488 1083 3535 tamen
1114 3482 1161 3535 hic
1192 3481 1333 3535 indicasse
1360 3479 1430 3533 satis

303 3567 449 3622 habemus
484 3567 518 3620 In
540 3567 613 3620 libro
642 3584 756 3637 quoque
780 3567 966 3637 Groningano
990 3567 1094 3638 legitur
1119 3584 1203 3637 quom
1228 3571 1250 3633 1,
1274 3572 1299 3629 5,
1318 3569 1359 3633 28,
1380 3565 1431 3619 ubi

306 3653 392 3707 ceteri
410 3652 491 3707 codd.
511 3669 596 3706 omn.:
616 3670 687 3722 eum,
706 3653 783 3723 quod
800 3653 830 3705 in
847 3653 937 3706 verba
948 3658 1051 3722 poetae
1069 3669 1162 3722 reoep.
1175 3652 1300 3721 Lachm,
1317 3651 1431 3719 Jacob„

210 3777 211 3782 =
305 3738 465 3809 Hertzbrg.,
483 3737 558 3792 Keil.

377 3828 395 3893 ¹)
415 3825 485 3877 Lue.
503 3823 581 3878 ltliill.
605 3823 695 3893 praef.
720 3825 764 3878 ad.
789 3823 893 3877 Catull.
918 3841 964 3893 pg.
990 3822 1077 3877 XIII:
1099 3823 1201 3892 scripsi
1224 3823 1331 3893 ubique
1354 3823 1430 3894 quoi,

306 3909 454 3979 ingenuos,
474 3925 581 3974 aevom,
599 3916 672 3977 tuos,
690 3914 777 3977 tuom,
796 3909 905 3962 etiam
923 3914 1044 3962 eontra
1061 3908 1191 3976 libros,
1216 3909 1347 3979 quippe
1365 3909 1430 3962 hoe

307 3996 402 4049 modo
427 4012 494 4048 non
517 3994 588 4048 alio
613 3994 748 4049 Catulli
776 3999 895 4048 aetate
918 3994 1053 4064 scripta
1081 3993 1192 4047 fuisse
1220 3994 1331 4048 verba
1358 3995 1430 4047 ista

309 4087 408 4136 extra
426 4080 685 4135 dubitationem
704 4087 780 4134 erat
797 4080 948 4150 positum
967 4086 1019 4134 etc.

381 4168 402 4229 ²)
421 4166 455 4220 L.
473 4166 551 4220 Miill.
574 4165 663 4236 praef.
688 4166 733 4220 ad.
752 4165 854 4220 Catuli.
875 4183 922 4236 pg.
940 4163 983 4218 IX
1001 4183 1049 4235 sq3
1071 4165 1110 4219 M.
1127 4164 1249 4234 Haupt,
1270 4163 1327 4217 ind.
1344 4163 1432 4218 sehol.

308 4252 401 4307 Berol.
421 4269 446 4308 a.
467 4255 543 4320 1857,
560 4269 625 4322 pgg.
645 4256 669 4320 5,
687 4255 711 4305 6.
