3275 4984
1623 425 2046 487 ..82-

709 592 1011 656 auxerint
1068 591 1359 673 ipsorum
1418 591 1631 672 magis
1688 591 1958 655 arbitrio
2034 597 2096 654 et
2164 588 2473 654 licentiae
2541 585 2950 664 obedientes,

706 714 902 776 quam
949 694 1520 776 grammaticorum
1567 694 1763 759 certis
1820 700 1884 758 et
1926 693 1997 758 in
2042 693 2167 756 hac
2214 689 2720 774 orthographiae
2762 694 2956 772 parte

709 798 844 862 fere
896 797 1456 864 consentientibus
1519 797 1795 880 legibus.
1894 796 1991 862 Of.
2053 796 2264 880 Caper
2326 793 2408 859 de
2468 793 2747 875 orthogr.
2805 789 2955 870 VII,

711 903 808 976 96,
856 907 926 966 6:
970 902 1235 983 querela
1279 901 1541 982 loquela
1582 920 1700 985 per
1742 920 1941 964 unum
1989 899 2046 975 1.,
2092 899 2350 964 Terent.
2388 898 2609 962 Scaur.
2654 895 2796 976 VII,
2847 898 2957 972 113

715 1004 874 1068 Mar.
918 1004 1084 1069 Vict.
1130 1003 1234 1082 VI,
1285 1009 1379 1080 17,
1429 1008 1536 1083 11;
1581 1003 1799 1087 Papir.
1844 1024 1945 1087 ap.
1992 1000 2287 1068 Cassiod.
2331 1001 2473 1081 VII,
2523 1003 2661 1075 159,
2705 1003 2761 1063 4.

881 1124 1012 1189 Sed
1047 1125 1541 1189 Lachmannum
1587 1122 1850 1206 quidem
1897 1122 1984 1188 ad
2010 1122 2195 1188 Lucr.
2223 1123 2341 1204 ΙΙΙ,
2393 1127 2556 1188 1014
2600 1125 2825 1184 notum
2853 1123 2961 1183 est

718 1234 947 1292 contra
990 1228 1250 1293 illorum
1298 1227 1904 1310 antiquissimorum
1951 1226 2535 1309 orthographorum
2564 1221 2966 1296 testimonia,

710 1331 822 1412 qui
867 1330 1204 1396 subtiliore
1250 1329 1533 1412 quadam
1577 1350 1772 1396 verae
1817 1330 2093 1396 rationis
2142 1329 2516 1411 cognitione
2562 1333 2626 1392 et
2654 1325 2962 1393 doctrina

713 1453 934 1498 carere
963 1433 1025 1497 ei
1055 1433 1446 1515 viderentur,
1491 1434 1664 1499 hanc
1690 1433 2111 1516 proposuisse
2138 1433 2367 1514 legem,
2412 1437 2484 1496 ut
2510 1451 2590 1496 ea
2616 1431 2963 1510 vocabula,

674 1601 682 1610 ,
712 1536 780 1599 in
813 1536 1048 1618 quibus
1081 1535 1300 1601 suffixi
1326 1535 1549 1600 littera
1575 1557 1612 1600 e
1633 1536 1900 1618 longam
1925 1536 2220 1602 vocalem
2249 1540 2640 1618 sequeretur,
2668 1532 2965 1618 simplici

587 1719 591 1722 μ
711 1640 736 1703 l
793 1638 1253 1719 scriberentur,
1313 1638 1589 1722 duplici,
1650 1639 1710 1705 si
1770 1639 1989 1706 brevis
2056 1639 2320 1724 syllaba
2374 1635 2824 1721 praecederet,
2883 1641 2966 1700 ut

709 1743 996 1825 querella
1038 1741 1339 1823 loquella,
1385 1742 1749 1825 corruptela
1778 1743 1983 1808 tutela
2012 1762 2169 1808 vera
2196 1749 2391 1823 atque
2420 1747 2599 1807 recta
2626 1738 2966 1806 scribendi

711 1846 879 1913 ratio
925 1844 1013 1911 sit
1035 1851 1100 1924 1).
1292 1834 1295 1840 ’

884 1966 1326 2032 Baeh-rensius
1372 1985 1628 2057 quoque
1681 1985 1828 2031 cum
1875 1985 2340 2049 saepenumero
2389 1971 2617 2030 contra
2658 1962 2966 2029 codicum

659 2100 665 2105 ·
711 2068 1071 2133 AFDVN
1127 2068 1548 2152 scripturam,
1640 2069 1712 2133 in
1770 2069 2005 2152 quibus
2051 2069 2621 2150 frequentissimae
2681 2067 2970 2132 formae:

715 2171 997 2253 querela,
1053 2171 1286 2236 tutella
1332 2172 1737 2249 exhibentur,
1797 2160 2092 2239 normam
2135 2172 2320 2236 illam
2367 2169 2775 2237 Lachmanni
2792 2174 2843 2248 2)
2885 2169 2969 2233 in

711 2274 1060 2338 vocabulo:
1136 2274 1428 2357 querella
1495 2273 1590 2340 sic
1670 2274 2201 2341 constantissime
2261 2275 2536 2357 scripto:
2615 2274 2681 2355 I,
2737 2278 2812 2350 6,
2876 2277 2958 2336 11

710 2375 991 2459 querelis
1036 2382 1101 2457 03
1151 2381 1330 2453 16,13
1377 2377 1659 2458 querelis
1705 2383 1774 2456 0;
1825 2382 2007 2456 16,39
2052 2377 2319 2461 querela
2365 2383 2434 2457 03
2484 2381 2622 2458 17,9
2671 2376 2835 2441 -elas
2883 2382 2968 2454 03

719 2482 898 2559 18,29
944 2479 1276 2563 querellae
1320 2480 1552 2545 DVm.
1603 2485 1631 2543 1
1684 2481 1944 2562 querele
1990 2480 2219 2560 ceteri3
2274 2481 2401 2557 ΙΙΙ,
2462 2484 2644 2558 13‚20
2690 2479 2969 2560 querela

713 2581 946 2661 FDV3
999 2586 1124 2659 18,1
1180 2582 1444 2664 querela
1489 2603 1524 2647 e
1569 2584 1800 2664 FDV3
1848 2588 1985 2664 20,5
2031 2583 2296 2665 querela
2332 2583 2571 2661 FDV3
2615 2581 2723 2663 IV,
2773 2583 2827 2662 7,
2874 2582 2964 2645 55

714 2683 995 2766 querelis
1051 2685 1285 2764 FDV3
1350 2691 1444 2767 10,
1498 2691 1536 2751 9
1592 2686 1872 2768 querelis
1932 2691 1994 2763 03
2064 2686 2152 2766 V,
2212 2690 2267 2766 8,
2342 2689 2422 2749 79
2481 2684 2857 2766 querel(a)e
2922 2703 2966 2748 o

713 2767 1011 2872 querelle‚
1066 2788 1156 2866 N3
1208 2793 1386 2868 11,57
1435 2788 1717 2870 querelis
1745 2795 1781 2854 Ο
1829 2795 2088 2857 secutus
2117 2808 2262 2854 esse
2290 2786 2607 2868 videatur,
2654 2805 2968 2852 caussam

718 2907 879 2954 sane
923 2889 1304 2972 intellegere
1350 2911 1480 2956 non
1524 2912 1889 2976 possumus,
1938 2911 2051 2957 cur
2094 2911 2316 2957 rursus
2363 2891 2753 2973 scripturam

889 2991 1118 3057 tutella
1162 2999 1488 3076 4,14,23
1538 2996 1593 3059 V
1637 3002 1757 3059 cet.
1804 2995 2008 3060 tutela

979 3146 1009 3176 .,
1177 3102 1232 3173 5,
1277 3099 1332 3172 8,
1379 3101 1416 3162 3
1464 3072 1671 3162 tutela
1713 3099 1844 3163 NF
1889 3099 1957 3162 in
2003 3098 2058 3163 V
2104 3097 2213 3163 alt.
2258 3097 2281 3160 l
2326 3102 2668 3179 suppunct.

717 3198 1166 3280 probabiliori:
1227 3199 1454 3282 tutela,
1509 3220 1704 3281 quam
1748 3201 1994 3285 recepit
2039 3188 2257 3282 4,13‚
2319 3205 2435 3273 41;
2502 3205 2569 3279 5,
2634 3205 2698 3280 4,
2744 3204 2824 3264 69
2870 3199 2977 3262 in-

644 3364 669 3377 s
723 3301 1096 3366 constantia
1141 3301 1422 3382 quadam
1466 3304 1867 3386 praetulerit,
1909 3303 2293 3388 praesertim
2332 3322 2477 3367 cum
2523 3308 2655 3367 tres
2701 3299 2976 3366 codices

721 3403 863 3468 sine
909 3403 1045 3467 ulla
1074 3401 1520 3488 discrepantia
1550 3405 1880 3471 scribendi
1909 3406 2228 3472 rationem
2260 3405 2611 3470 manifesto
2648 3403 2978 3468 indicent.

719 3624 906 3678 dinem
943 3624 1183 3696 Vergilii
1219 3624 1446 3679 Servius
1493 3629 1738 3681 testatur
1783 3627 1855 3681 ad
1900 3627 2041 3681 Aen.
2080 3625 2163 3681 IV
2212 3630 2339 3694 360,
2386 3625 2600 3695 ubique
2646 3626 2970 3692 MediceuS,

719 3709 866 3762 sicut
921 3709 1090 3764 etiam
1139 3711 1391 3781 loquella
1441 3711 1828 3766 consentiente
1871 3713 2124 3766 Romano
2174 3713 2319 3766 Aen.
2372 3711 2425 3766 V
2468 3715 2584 3768 842.
2669 3713 2835 3778 Quod
2891 3730 2976 3768 ne

720 3795 918 3848 vitium
956 3813 1079 3850 esse
1118 3796 1238 3850 eius
1273 3797 1502 3861 saeculi,
1541 3814 1652 3867 quo
1692 3804 1956 3853 exaratus
1992 3803 2080 3852 est
2114 3798 2207 3852 hic
2234 3797 2425 3867 codex,
2463 3798 2764 3869 existimes,
2799 3804 2979 3855 vetat

721 3881 902 3934 tutela
934 3881 993 3934 in
1031 3882 1226 3935 eodem
1263 3899 1366 3952 per
1401 3882 1711 3952 simplicem
1745 3883 1995 3939 litteram
2032 3885 2321 3954 scriptum.

863 3968 900 4035 ¹)
937 3967 1228 4021 Adversus
1281 3966 1632 4022 Lachmanni
1683 3969 1866 4040 legem
1922 3969 2267 4024 conferenda
2320 3986 2467 4040 quae
2520 3976 2714 4024 monet
2763 3969 2979 4023 Bram-

721 4052 975 4116 bachius,
1011 4052 1048 4105 l.
1084 4052 1117 4106 1.
1157 4071 1235 4123 pg
1287 4056 1385 4105 258
1421 4070 1524 4122 sq.,
1561 4054 1659 4123 qui
1693 4056 2185 4124 grammaticorum
2222 4056 2314 4110 vel
2350 4055 2589 4109 maxime
2625 4054 2982 4108 testimoniis

721 4137 878 4191 nisus
915 4137 1317 4207 discipulorum
1353 4139 1480 4191 usui
1517 4142 1871 4196 commendat
1918 4142 2254 4212 scripturam
2304 4147 2362 4195 et
2399 4140 2634 4212 querela
2669 4147 2726 4194 et
2759 4141 2980 4194 tutela.

855 4223 898 4293 2)
935 4223 1190 4276 Eandem
1237 4224 1504 4292 probavit
1536 4225 1757 4279 Keilius
1805 4226 1865 4280 in
1913 4227 2183 4296 editione,
2235 4244 2350 4297 qua
2393 4227 2607 4296 ubique
2650 4226 2976 4295 scriptura:

726 4309 975 4380 querella
1011 4326 1056 4362 c.
1096 4325 1209 4366 cas,
1248 4314 1309 4363 et
1342 4308 1524 4364 tutela
1558 4311 1855 4366 exhibetur
1892 4313 2062 4369 etiam
2098 4318 2297 4368 contra
2334 4313 2494 4367 codd.
2533 4312 2671 4368 GN.
