3275 4984
773 418 983 484 ,58-

311 594 421 652 tamen
450 607 516 652 non
547 589 578 652 ei
608 587 847 671 indulgendum
877 595 926 654 est
953 587 1137 654 morositati
1168 594 1200 651 et
1231 585 1440 664 absurditati,

308 696 442 772 propter
471 711 569 772 quam
599 690 799 756 Ritschelius
830 692 1034 774 vituperatur
1066 712 1086 755 a
1118 688 1375 765 Schuchardtio,
1410 688 1438 770 I,

306 811 360 874 pg.
387 797 446 857 149
463 799 485 872 ¹)
509 799 541 857 et
558 814 579 857 a
601 793 793 874 Corsseno²,
815 795 840 868 Ι,
863 813 917 877 pg.
943 799 1016 871 123,
1040 813 1113 858 cum
1136 793 1188 858 vel
1211 793 1246 858 in
1268 793 1393 870 Planta,
1417 811 1439 856 a

241 939 243 950 ι
310 895 403 959 cuins
426 901 534 960 aetate
558 895 635 962 talis
658 895 824 961 scribendi
847 896 931 960 ratio
954 916 1087 979 prorsus
1115 895 1281 971 abhorret,
1313 895 1436 960 formas

305 998 410 1062 velut:
434 997 621 1080 dampnum,
644 998 857 1081 contempnit,
872 998 1258 1081 antempnaprobaverit.
1281 997 1334 1077 (cf.
1350 997 1435 1063 Prol.

309 1100 399 1164 Trin.
421 1119 474 1184 pg.
497 1101 574 1166 CIII
597 1107 656 1184 sq.)

392 1203 460 1267 Nec
491 1202 646 1268 assentiri
676 1222 851 1285 possumus
885 1202 1083 1283 Ribbeckio,
1121 1203 1177 1285 qui
1213 1221 1286 1268 cum
1317 1202 1435 1268 ceteris

306 1304 468 1370 eiusmodi
497 1305 579 1370 locis
611 1307 646 1369 in
673 1306 820 1387 Vergilio
859 1305 1059 1371 recensendo
1088 1306 1281 1389 scripturam
1313 1305 1384 1370 sine
1412 1325 1434 1387 p

306 1408 475 1491 receperit,
499 1415 609 1472 tamen
626 1427 680 1490 ge.
704 1408 749 1472 IV
774 1414 834 1473 104
857 1407 1075 1474 vetustissimi
1103 1428 1184 1473 sane
1207 1407 1360 1473 Vaticani
1382 1408 1435 1486 (F)

307 1508 431 1576 codicis
454 1511 650 1575 auctoritate
677 1510 769 1576 nisus
798 1510 937 1576 formam
960 1515 1231 1595 „contempnuntt
1261 1509 1434 1575 admittere

307 1631 373 1676 non
396 1610 569 1678 dubitavit.

391 1717 440 1780 Ae
461 1734 503 1780 ne
526 1715 718 1797 Vergiliana
746 1715 877 1797 quidem
900 1722 1009 1780 aetate
1037 1715 1136 1781 istam
1165 1713 1434 1797 orthographiam

306 1817 341 1881 in
364 1837 425 1882 usu
447 1817 550 1883 fuisse
573 1818 694 1883 clarius
718 1825 785 1894 est,
815 1838 914 1900 quam
941 1825 977 1882 ut
1005 1817 1138 1883 uberius
1165 1816 1435 1883 demonstremus.

308 1919 413 1985 Certis
437 1920 524 1984 enim
547 1927 579 1984 et
601 1920 852 2003 inscriptionum
875 1920 1006 1986 illorum
1030 1928 1211 2003 temporum
1231 1926 1264 1984 et
1277 1939 1435 2001 gramma·

305 2021 443 2086 ticorum
477 2021 698 2088 fundamentis
733 2029 837 2101 caret,
874 2023 945 2106 qui,
976 2042 1049 2088 eum
1076 2023 1118 2089 iis
1148 2023 1264 2104 ignota
1294 2030 1381 2087 esset
1411 2042 1433 2104 p

305 2124 416 2188 littera
446 2125 532 2188 inter
559 2145 620 2188 mn
643 2125 880 2207 posterioribus
911 2125 1041 2190 demum
1071 2126 1271 2209 temporibus
1301 2124 1433 2205 vulgari

305 2226 419 2310 lingua
442 2227 579 2301 inserta,
610 2246 666 2291 eur
690 2228 823 2292 omnino
853 2227 895 2292 (14
921 2228 981 2293 1114
1007 2228 1173 2294 scribendi
1196 2226 1432 2294 consuetudine

309 2349 375 2394 non
397 2327 574 2412 disputent,
596 2330 631 2393 in
654 2337 805 2413 promptu
829 2338 878 2396 est
900 2330 1021 2397 videre.

392 2432 565 2497 Praeterea
588 2432 630 2496 ab
653 2432 716 2496 hac
745 2434 949 2515 quaestionis
975 2441 1068 2517 parte
1091 2453 1157 2498 non
1180 2433 1323 2498 alienum
1347 2431 1431 2498 duco

307 2553 447 2613 monere,
470 2535 505 2598 in
528 2535 626 2599 verbo
651 2542 878 2619 temptare,
902 2537 1010 2618 qualis
1025 2543 1074 2602 est
1089 2537 1218 2601 firmata
1232 2555 1312 2602 sane
1325 2535 1432 2619 ipsius

303 2637 478 2702 vetustatis
500 2635 704 2704 documentis
719 2643 744 2716 r,
766 2639 887 2721 ubique
910 2639 1070 2723 scriptura
1085 2639 1209 2705 codicis
1223 2640 1263 2714 N,
1284 2641 1319 2704 in
1335 2638 1431 2703 libris

309 2759 384 2804 mss.
407 2740 490 2805 DV:
998 2795 1002 2809 .

510 2847 636 2907 tentare
664 2849 687 2918 1,
711 2848 739 2927 3,
766 2848 816 2920 15;
841 2849 870 2924 3,
895 2846 944 2923 12,
970 2850 1024 2927 19,
1049 2850 1096 2923 19,
1121 2849 1177 2924 21,

512 2950 656 3010 tentatur
680 2951 709 3022 1,
732 2952 760 3025 4,
785 2950 824 3011 25

511 3053 616 3111 tentat
639 3053 666 3122 2,
690 3053 718 3128 3,
745 3053 798 3124 19;
822 3054 851 3130 3,
875 3054 925 3127 34,
950 3055 988 3115 73
1012 3050 1124 3122 (etiam
1146 3051 1185 3128 F)
1298 3126 1300 3129 ¹

509 3155 636 3214 tentata
659 3156 687 3229 4,
712 3156 760 3232 21,
784 3158 802 3216 5
826 3152 939 3230 (etiam
962 3154 1000 3231 F)
1060 3218 1063 3225 ,

304 3267 469 3332 scribendi
500 3269 660 3333 rationem
690 3271 958 3337 constantissime
988 3272 1168 3337 exhibitam
1197 3291 1278 3338 esse.
1324 3271 1430 3350 Quam

305 3370 409 3435 solam
437 3370 618 3452 legitimam
650 3392 722 3439 esse
753 3393 826 3439 cnm
855 3375 1000 3457 ipsorum
1031 3375 1180 3440 codicum
1204 3375 1273 3439 DV
1302 3374 1337 3438 in
1367 3375 1430 3439 hae

305 3473 561 3557 orthographiae
590 3482 684 3558 parte
715 3478 912 3542 anctoritate
950 3477 1126 3552 evincitur,
1160 3484 1228 3542 tum
1259 3477 1431 3561 perspicue

305 3575 521 3656 Corssenus²,
553 3578 578 3653 I,
607 3598 683 3661 pgg.
709 3583 769 3642 122
791 3599 839 3661 sq.
851 3583 877 3659 ³)
899 3579 1002 3660 docet,
1026 3601 1099 3645 eum
1121 3581 1271 3653 verbum,
1303 3579 1429 3662 dequo

376 3793 393 3864 ¹)
414 3794 468 3848 Mit
491 3796 570 3849 mehr
592 3797 685 3851 Recht
713 3799 862 3854 schreiben
886 3801 931 3855 die
953 3801 1155 3872 Herausgeber
1180 3802 1230 3856 des
1256 3801 1430 3856 Prudentius

303 3881 461 3950 alumpnnn,
481 3882 639 3951 columpna,
657 3883 816 3954 dampnum,
836 3903 980 3955 sompnus.

373 3966 395 4036 ²)
415 3971 581 4036 temptatae,
601 3967 674 4022 Zwei
693 3969 864 4039 Sepuleralr.
882 3971 1057 4042 Mommsen,
1074 3973 1090 4024 l.
1110 3972 1177 4027 Tur.
1196 3973 1219 4041 Ι,
1240 3976 1280 4026 13.
1307 3978 1429 4042 tempta·

302 4051 384 4115 verit,
404 4050 451 4106 Or.
470 4055 544 4105 4425.
564 4056 639 4106 4428.

372 4136 395 4202 3)
413 4136 464 4207 Pg.
485 4141 547 4191 123:
572 4138 640 4192 Man
657 4141 859 4196 verweehselte
882 4143 933 4196 das
951 4142 1136 4213 Partieipium
1153 4175 1186 4184 —
1205 4150 1353 4214 temp-tus
1371 4161 1430 4198 von

304 4227 473 4276 tem-nere
503 4223 560 4276 und
590 4223 640 4278 (144
665 4224 851 4296 Partieipium
879 4235 1021 4282 ten-tun
1048 4245 1105 4283 von
1132 4230 1279 4284 tend-ere.
1320 4229 1430 4284 Marius

304 4307 440 4362 Victorin.
460 4307 509 4376 VI,
528 4312 569 4376 21,
589 4312 618 4363 15
637 4310 719 4365 reicit
737 4313 969 4384 orthographiam
986 4319 1117 4384 temptat,
1135 4315 1239 4386 probat
1257 4315 1430 4385 scripturam
