3275 4984
645 457 857 517 ...59-

183 621 401 708 dleputamus,
415 623 630 689 derivandum
642 622 686 688 sit
698 641 718 686 a
729 620 922 705 participio:
937 626 1046 685 tentus
1059 620 1153 684 verbi
1167 616 1310 696 tendere,

184 726 353 791 seribendi
385 726 562 791 rationem:
603 731 729 790 tentare
765 731 801 788 ut
836 723 1038 806 primitivam
1072 723 1137 788 sibi
1167 721 1312 787 maxime

182 829 391 911 probabilem
414 849 493 894 esse.
566 911 568 918 Ι

273 932 388 1013 ltaque
411 951 483 996 cum
506 951 572 996 non
596 929 739 996 absurda
761 929 844 993 mihi
866 929 1018 994 videatur
1048 927 1225 1005 sententia,
1255 927 1315 992 for·
1361 982 1363 993 ,

184 1054 287 1100 marn:
310 1040 470 1117 temptare
493 1039 525 1098 ct
547 1053 631 1116 quae
653 1032 731 1097 inde
754 1032 952 1110 derivantur,
974 1032 1032 1096 ubi
1054 1031 1222 1096 codicibus
1244 1031 1314 1094 NF

184 1137 336 1218 traditur,
359 1156 495 1219 quorum
518 1156 616 1217 quam
638 1135 739 1200 dubia
761 1133 842 1200 fides
865 1135 909 1200 sit
930 1135 965 1198 in
981 1134 1091 1199 littera
1106 1155 1127 1217 p
1142 1133 1313 1198 vocabulis

182 1238 311 1305 inserta
341 1259 381 1303 ex
411 1238 570 1321 exemplis
601 1236 713 1318 colligi
729 1313 730 1316 Ἴ
745 1237 824 1302 licet
855 1256 955 1320 supra
991 1236 1117 1315 allatIs,
1155 1235 1313 1300 Italorum

182 1340 411 1420 librariorum,
445 1342 502 1424 qui
524 1359 603 1406 suae
626 1340 746 1405 aetatis
769 1339 934 1405 communi
957 1337 1123 1404 scribendi
1145 1345 1314 1403 consuetu-

185 1445 265 1511 dine
287 1445 443 1512 libentius
467 1445 728 1527 acquiescebant,
756 1444 819 1509 soli
842 1442 978 1508 arbitrio
1001 1441 1209 1507 tribuendam
1232 1461 1313 1521 esse,

187 1554 303 1613 contra
343 1549 420 1614 Luc.
453 1548 589 1612 Mullero
632 1566 705 1613 cum
749 1546 937 1612 constantIa
979 1544 1169 1628 adoptatam
1206 1545 1314 1610 ortho-

186 1650 378 1734 graphiam:
417 1657 591 1733 temptare,
625 1649 774 1714 omnibus
805 1649 841 1713 in
869 1647 1095 1730 Propertianis
1125 1647 1196 1713 eius
1225 1646 1315 1712 modi

185 1753 269 1819 locis
288 1753 466 1837 scriptura:
490 1751 655 1838 tentare1)
678 1750 882 1816 restituenda
897 1758 956 1828 est,
978 1770 1077 1832 quam
1092 1749 1313 1815 Baehrensius

185 1856 305 1920 mitum
327 1856 362 1920 in
385 1855 516 1921 modum
541 1855 703 1937 singulari
725 1861 852 1919 tantum
875 1854 947 1918 loco
971 1858 1005 1928 3,
1033 1858 1089 1930 31,
1120 1857 1158 1918 73
1183 1871 1315 1917 consen·

186 1958 291 2022 tiente
314 1959 414 2023 etiam
437 1958 492 2022 lib.
516 1957 720 2047 Fprobavit.
765 1958 816 2020 An
840 1963 967 2020 tantum
990 1956 1022 2020 ei
1043 1956 1132 2020 valet
1154 1956 1226 2023 loco
1249 1955 1315 2019 lau-

186 2058 266 2125 dato
289 2061 391 2126 solius
415 2062 441 2124 p
464 2059 588 2125 codicis
611 2059 799 2138 auctoritas,
830 2059 923 2124 cuius
946 2079 1057 2124 rursus
1078 2058 1254 2123 lectionem
1286 2065 1314 2139 4,

187 2167 239 2244 21,
262 2169 280 2227 5
304 2169 444 2238 (tentata
467 2163 578 2245 DVF,
611 2168 771 2245 temptata
793 2163 824 2226 N
846 2162 976 2240 Baehr.)
997 2160 1134 2245 perinde
1157 2180 1196 2225 ac
1219 2168 1317 2225 ceter-

186 2285 282 2329 arum
304 2265 567 2330 membranarum
590 2265 723 2330 omnino
747 2265 788 2328 ab
811 2284 850 2329 eo
873 2265 1057 2346 neglectam
1081 2262 1254 2328 videmus?

273 2368 478 2450 Antiquioris
514 2366 633 2432 deinde
674 2367 785 2432 suffixi
818 2367 943 2447 „undo“
978 2386 1019 2431 ex
1053 2366 1175 2447 „ondo“
1206 2366 1314 2449 prisco

186 2469 345 2553 profecti,
376 2469 463 2552 quod
488 2491 556 2534 una
584 2489 658 2534 cum
684 2470 865 2535 recentiore
894 2469 930 2534 in
952 2507 995 2517 —
1025 2469 1110 2535 endo
1139 2489 1243 2550 usque
1272 2468 1315 2532 ad
1360 2479 1363 2485 ’

188 2572 359 2638 Ciceronis
382 2579 523 2637 aetatem
546 2573 731 2654 frequenter
753 2579 944 2655 usurpatam
968 2592 1041 2638 esse
1064 2591 1103 2636 ac
1125 2591 1167 2635 ne
1184 2572 1316 2655 posteri-

187 2675 251 2741 bus
290 2675 421 2757 quidem
459 2676 659 2759 temporibus
699 2695 831 2758 prorsus
873 2675 1048 2759 evanuisse
1083 2675 1316 2758 inscriptiones

187 2777 341 2842 indicant
363 2785 460 2859 atque
482 2777 770 2860 grammaticorum
786 2778 1023 2858 testimonias,
1047 2778 1215 2860 singulare
1228 2776 1316 2861 apud

187 2880 395 2963 Propertium
417 2880 538 2962 legitur
561 2881 760 2964 exemplum:
1242 2883 1248 2890 '

233 2981 378 3066 petunda
402 2989 429 3062 5,
456 2988 482 3062 1,
509 2987 568 3048 198
585 2984 655 3048 DF
679 3004 699 3047 a
721 2982 837 3048 Baehr.
861 2983 895 3047 in
918 2990 996 3047 text.
1018 3002 1073 3048 reo
1104 2973 1246 3066 petenda
1261 2983 1317 3047 alt.

397 3086 472 3150 ein
495 3106 557 3151 ras.
581 3087 661 3151 NV.

190 3312 332 3375 temtat,
356 3323 464 3378 exque
483 3324 566 3378 quam
585 3307 669 3361 facile
693 3311 815 3376 temptat
838 3304 980 3376 proficisci
1003 3307 1130 3376 potuerit
1157 3307 1228 3360 satis
1254 3323 1316 3376 per·

190 3392 321 3462 spicuum
340 3399 391 3446 est.
410 3423 441 3431 -
461 3391 503 3446 cf.
522 3392 615 3446 Bentl.
632 3393 662 3446 in
679 3391 790 3446 Phorm.
810 3392 863 3457 ΙΙΙ,
883 3397 907 3460 3,
927 3392 1314 3460 193Ritseh1,Pr01.Trin,

189 3495 236 3548 pg.
257 3477 318 3531 011.

262 3562 281 3632 ¹)
302 3562 552 3616 Consenticntibus
572 3563 771 3616 vetustissimis
790 3563 897 3635 Vergil.
919 3564 999 3618 libris
1022 3563 1221 3633 manuscriptis
1240 3563 1314 3617 exhi-

191 3647 292 3702 betur:
305 3648 447 3702 intentare
459 3648 530 3702 Aen.
549 3649 563 3701 I
577 3651 621 3716 913
641 3649 682 3702 VI
695 3653 758 3718 5723
776 3656 903 3704 retentat
915 3651 987 3704 Aen.
999 3649 1025 3705 V
1037 3653 1095 3705 278.
1113 3649 1156 3705 cf.
1169 3649 1318 3718 Ribbeck,

191 3734 320 3804 prolcgg.
339 3734 395 3787 ind.
415 3751 531 3803 gramm.
549 3751 596 3804 pg.
615 3737 672 3790 111,

259 3819 280 3889 ²)
300 3815 340 3876 Ut
359 3819 406 3875 SC
430 3820 465 3873 de
484 3819 625 3873 Bacchan.
652 3837 676 3874 a.
702 3839 729 3890 p.
752 3839 778 3874 u.
803 3822 882 3874 cond.
909 3825 958 3876 568
982 3822 1027 3891 (P.
1049 3821 1082 3876 L.
1106 3821 1143 3875 M.
1162 3821 1195 3875 E.
1214 3821 1314 3876 XVIII

193 3928 224 3950 =
245 3904 276 3960 O.
299 3905 325 3960 J.
350 3906 382 3958 L.
406 3906 434 3970 Ι,
462 3910 523 3972 196,
555 3907 581 3976 3)
607 3906 748 3960 recentior
773 3905 829 3960 iam
852 3907 1056 3978 orthographia
1081 3908 1316 3976 „exdeicendum“

192 3991 326 4060 cernitur,
345 3991 386 4045 ita
403 4009 501 4046 rursus
519 3991 549 4044 in
567 3991 646 4061 Lege
664 3998 754 4063 repet.
774 4009 798 4046 a.
816 3997 864 4046 691
885 3994 931 4048 vel
950 3998 998 4048 632
1014 3995 1056 4064 (P.
1068 3994 1101 4049 L.
1113 3994 1151 4049 M.
1164 3993 1196 4047 Ε.
1214 3993 1316 4046 XXIII

191 4099 224 4122 =
244 4077 273 4130 C.
292 4076 320 4130 J.
338 4077 371 4131 L.
384 4077 406 4146 Ι,
426 4081 483 4142 198,
502 4077 614 4145 ΧΧΧΙ)
632 4077 744 4147 priscae
763 4079 906 4133 scribendi
923 4080 1041 4133 rationis
1060 4081 1202 4150 specimen
1221 4096 1317 4133 exara·

190 4168 252 4215 turn
271 4168 376 4216 exstat:
398 4163 544 4217 deicundo.
565 4194 597 4202 -
617 4163 659 4218 Cf.
678 4163 764 4218 Proh.
784 4183 831 4235 pg.
852 4169 914 4233 119,
933 4170 962 4218 7:
981 4173 1048 4219 sunt
1066 4167 1219 4234 vocabula,
1242 4182 1316 4236 quae

190 4263 207 4301 e
225 4247 350 4301 litteram
369 4249 444 4302 etin
464 4267 482 4302 u
500 4248 625 4302 litteram
644 4256 819 4319 convertant,
843 4257 963 4321 utputa
981 4252 1135 4321 capiendus
1153 4258 1183 4306 61
1201 4251 1315 4321 capiun-

190 4333 244 4386 dus
269 4338 297 4386 61
322 4340 417 4388 cetera
441 4334 518 4388 talia.
542 4364 574 4372 -
601 4334 708 4388 Contra
726 4334 797 4391 Mar.
821 4336 928 4390 Victor.
953 4336 1007 4405 VI,
1033 4342 1078 4402 10,
1103 4341 1148 4391 23:
1176 4338 1316 4408 agendum
