3275 4984
234 1298 411 1428 Propertii
440 1345 565 1428 elegiae
597 1365 669 1409 cum
697 1349 729 1408 et
756 1348 889 1426 propter
919 1342 1073 1406 eximiam
1104 1348 1206 1407 artem
1240 1349 1273 1406 et

148 1437 280 1530 propter
312 1448 400 1512 haud
418 1448 568 1530 exiguas
599 1445 881 1529 interpretationis
910 1444 1123 1510 difficultates
1151 1443 1272 1527 dignae

149 1549 216 1613 sint
242 1570 325 1631 quae
348 1571 475 1616 summa
498 1569 570 1615 curn
599 1548 773 1631 diligentia
796 1554 983 1623 tractentur,
1006 1567 1203 1630 quamquam
1225 1548 1273 1610 in·

149 1651 291 1735 cipiente
322 1652 383 1718 hoc
416 1652 546 1719 saeculo
578 1673 618 1717 ex
645 1651 886 1735 philologorum
915 1653 1114 1715 Batavorum
1138 1650 1274 1714 licentia

152 1761 184 1818 et
209 1755 344 1820 arbitrio
368 1777 388 1820 a
411 1757 623 1820 Lachmanno
653 1754 871 1837 prosperrime
900 1754 935 1818 in
958 1773 1095 1818 examen
1125 1752 1274 1817 criticum

150 1863 286 1922 vocatae
310 1866 400 1937 sunt,
430 1878 491 1924 nec
520 1858 618 1941 pauci
640 1879 743 1941 usque
772 1855 815 1922 ad
846 1858 931 1923 hanc
963 1864 1103 1923 aetatem
1134 1858 1272 1936 luerunt

150 1960 207 2040 qui
230 1967 261 2025 et
284 1961 426 2027 studium
459 1983 479 2026 a
502 1981 626 2026 summo
657 1961 770 2026 critico
802 1961 873 2026 viro
896 1961 1084 2026 incohatum
1111 1982 1169 2045 pro
1193 1980 1273 2027 suae

148 2063 288 2145 quisque
312 2064 431 2129 aetatis
454 2063 611 2130 subsidiis
635 2064 873 2147 amplificarent
896 2070 928 2128 et
950 2064 985 2127 in
1008 2065 1209 2130 carminibus
1232 2063 1274 2127 ad

154 2172 276 2230 rectam
300 2167 581 2249 interpretationis
611 2167 698 2232 viam
728 2166 887 2233 ducendis
916 2186 1076 2232 summum
1105 2167 1275 2249 ingenium

152 2287 192 2332 ac
215 2267 359 2334 studium
381 2276 620 2351 converterent,
651 2276 760 2334 tamen
784 2268 892 2334 adhuc
914 2269 1004 2335 haud
1025 2290 1132 2354 pauca
1153 2271 1189 2335 in
1211 2271 1274 2334 hac

149 2390 184 2434 re
208 2370 443 2437 desiderantur.
488 2373 535 2436 Ac
550 2371 693 2437 maxime
707 2372 839 2456 quidem
861 2373 968 2453 miror,
991 2373 1078 2456 quod
1100 2372 1273 2438 nemodum

152 2474 286 2554 exstit't
309 2475 365 2557 qui
388 2475 429 2540 de
442 2475 604 2558 Propertii
626 2475 723 2541 rebus
746 2475 1011 2558 orthographicis
1034 2475 1174 2556 aliisque
1191 2495 1274 2556 quae

152 2573 195 2639 ad
217 2576 339 2642 formas
362 2576 584 2658 flexionesque
615 2577 847 2645 vocabulorum
875 2583 1040 2662 spectant,
1067 2576 1275 2660 diligentiore

153 2698 232 2742 cura
247 2679 435 2762 inquireret.
454 2680 686 2762 Hertzbergius
703 2680 789 2744 enirn
803 2680 839 2744 in
853 2679 1018 2760 „Quaestt
1033 2679 1276 2762 Propertianis“

147 2778 229 2844 edit.
252 2781 315 2846 rol.
339 2783 354 2845 Ι
378 2782 440 2848 etsi
463 2802 575 2848 omnes
597 2783 633 2846 in
655 2789 766 2865 partes
788 2788 920 2865 poetam
942 2789 1089 2848 nostrum
1113 2789 1183 2846 arte
1205 2802 1277 2866 syn-

154 2883 288 2965 raetica,
321 2892 575 2967 quaereretur,
606 2884 742 2951 doetissi
778 2885 984 2968 epatefacta
1012 2886 1190 2968 explanare
1213 2885 1277 2950 sibi

152 2987 324 3069 proposuit
352 3005 413 3051 nec
442 3006 509 3051 non
541 2987 714 3052 occasione
745 2905 824 3052 data
846 2987 1021 3054 nonnullas
1052 2988 1092 3052 de
1113 2988 1275 3070 Propertii

151 3089 313 3154 voeabula
335 3087 489 3154 flectendi
515 3090 643 3154 ratione
673 3090 884 3172 quaestiones
913 3090 1069 3171 instituit,
1099 3098 1209 3155 tamen
1239 3091 1275 3154 in

151 3190 341 3258 universum
384 3211 663 3275 supervacaneum
700 3192 730 3256 ei
766 3193 874 3258 visum
914 3200 976 3272 est,
1016 3193 1138 3259 formas
1173 3213 1276 3275 gram-

150 3294 289 3360 maticas
320 3315 359 3358 ea
394 3292 569 3378 diligentia
600 3295 749 3377 singulas
781 3295 983 3378 investigare
1012 3302 1045 3360 et
1074 3315 1275 3380 componere,

149 3415 215 3476 qua
239 3415 319 3480 opus
343 3395 455 3462 estad
477 3402 579 3462 totum
596 3397 846 3481 Propertianum
866 3397 998 3463 dicendi
1020 3417 1123 3481 genus
1145 3396 1290 3482 penitus*

151 3498 426 3580 cognoscendum.
470 3501 526 3564 Ait
544 3501 631 3564 enim
654 3501 674 3565 l.
697 3500 717 3563 l.
741 3502 1047 3584 cap.Vl,pg.162:
1070 3503 1173 3582 „Nam
1191 3522 1275 3585 quae

150 3608 287 3680 restant,
309 3602 361 3668 vel
379 3603 510 3686 proprie
532 3603 583 3668 vel
607 3603 766 3669 audacius
789 3601 893 3685 dicta,
924 3623 996 3668 cum
1019 3604 1102 3669 nihil
1126 3603 1169 3668 ad
1189 3604 1276 3670 illus-

149 3703 304 3768 trandum
326 3713 443 3788 poetae
465 3703 635 3786 ingenium
657 3705 791 3787 faciant,
815 3708 847 3771 et
870 3705 911 3769 ab
934 3706 1010 3771 aliis
1026 3706 1078 3771 vel
1102 3726 1201 3791 saepe
1222 3708 1275 3772 vel

151 3805 266 3870 eadem
289 3806 425 3872 licentia
449 3807 515 3873 sint
539 3807 693 3890 expetita,
716 3807 885 3888 omisimus
908 3806 949 3872 de
971 3807 1139 3874 industria.
1183 3809 1274 3874 Idem

150 3909 241 3973 valet
264 3907 304 3972 de
327 3929 388 3974 usu
410 3909 580 3974 verborum
597 3909 798 3991 singulorum
822 3910 1035 3992 grammatico
1059 3915 1136 3976 etc.“
1181 3911 1275 3988 Quod

150 4018 258 4074 utrum
280 4019 368 4077 recte
390 4013 628 4078 existimaverit
650 4032 753 4077 necne
782 4032 848 4076 non
863 4011 1000 4077 difficile
1023 4021 1072 4078 est
1095 4012 1138 4076 ad
1161 4011 1276 4079 diiudi-

149 4112 301 4178 candum.
346 4114 446 4179 Nulla
468 4114 555 4179 enim
570 4135 605 4179 re
623 4115 730 4197 magis
746 4114 828 4178 mihi
842 4114 973 4197 quidem
989 4117 1128 4199 scriptor
1141 4117 1273 4181 omnino

148 4215 299 4300 intellegi
314 4210 451 4299 videtur,
475 4236 572 4299 quarn
588 4217 720 4282 dicendi
734 4215 970 4283 consuetudine
987 4218 1023 4282 in
1038 4238 1150 4284 omnes
1164 4225 1275 4302 partes

149 4324 304 4384 accurate
327 4319 513 4402 'explanata

1088 4424 1121 4474 1*
1188 4430 1196 4438 “
