3275 4984
629 413 840 474 „51-

169 579 274 645 Gaius
298 579 421 644 Caesar
443 586 501 652 est,
524 596 580 660 per
602 598 623 641 u
646 577 801 659 pleraque
825 579 947 661 scripta
970 579 1111 657 invenio,
1143 586 1294 662 optumus

167 681 314 764 intumus
337 680 582 763 pulcherrumus
605 677 716 745 lubido
740 679 918 744 dicundum
934 680 1123 745 faciundum
1143 701 1294 746 maxume

169 791 415 896 vnumentum
438 782 637 847 contumelia
659 782 812 846 minume.
839 784 956 848 melius
979 790 1089 848 tamen
1120 776 1170 850 est
1197 791 1229 849 et
1251 782 1294 848 ad

169 885 407 951 enuntiandum
431 891 463 950 et
485 884 529 949 ad
551 884 757 950 scribendum
781 885 793 948 i
815 885 958 950 litteram
981 906 1040 970 pro
1063 908 1084 951 u
1106 907 1236 970 ponere,
1258 887 1294 951 in

167 989 345 1070 quodiam
367 987 568 1054 consuetudo
591 983 785 1053 inclinarit.¹

254 1093 323 1156 Nec
347 1098 456 1156 tamen
479 1091 715 1174 posterioribus
739 1090 938 1173 temporibus
961 1092 1110 1158 homines
1132 1093 1294 1158 litteratos

168 1193 334 1258 adunam
358 1214 470 1259 omnes
494 1191 660 1258 scribendi
687 1213 835 1257 normam
863 1212 898 1259 se
927 1193 1205 1276 accommodasse,
1237 1193 1296 1261 sed

168 1297 345 1362 vetustatis
374 1295 600 1361 recordatione
637 1294 778 1377 quadam
808 1296 974 1362 lubentius
1009 1297 1044 1362 in
1082 1298 1192 1363 verbis
1224 1297 1295 1363 eius

169 1399 260 1463 modi
291 1398 473 1464 scribendis
503 1397 746 1479 redintegrasse
777 1399 920 1481 priscam
954 1399 1221 1482 orthographiam
1255 1419 1295 1464 ex

169 1502 369 1567 testimoniis
400 1501 538 1585 adparet
568 1501 855 1582 grammaticorum
880 1501 944 1566 Vel.
969 1503 1070 1583 Long.
1092 1503 1164 1577 VII,
1187 1507 1237 1579 50,
1259 1509 1296 1566 5:

168 1613 203 1668 et
233 1604 450 1670 concedamus
480 1603 561 1667 talia
590 1603 725 1668 nomina
753 1623 854 1686 peru
884 1604 1026 1669 scribere
1056 1605 1099 1670 iis
1128 1605 1185 1686 qui
1215 1605 1296 1695 anti-

168 1726 307 1788 quorum
329 1707 516 1771 voluntates
539 1712 726 1787 sequuntur,
749 1725 790 1769 ne
813 1712 922 1770 tamen
946 1707 993 1772 sic
1016 1707 1201 1787 enuntient,
1231 1726 1295 1788 quo

168 1809 266 1874 modo
291 1809 450 1882 scribunt;
475 1810 603 1872 Terent.
622 1809 734 1876 Scaur.
754 1809 825 1890 VII,
849 1813 912 1888 24,
936 1810 1067 1875 Cornut.
1081 1830 1132 1893 ap.
1147 1809 1296 1875 Cassiod.

169 1911 189 1975 l.
213 1912 251 1988 l.;
280 1913 359 1975 Mar.
383 1911 539 1976 Victorin.
562 1911 622 1984 VI,
656 1915 695 1974 10
705 1960 712 1992 ,
744 1915 799 1996 25,
832 1912 888 1992 qui
914 1918 1029 1976 contra
1055 1912 1121 1977 tale
1151 1910 1296 1978 studium

169 2012 402 2079 commendant
424 2013 638 2078 recentiorem
661 2013 857 2097 scripturam
880 2034 937 2096 per
959 2014 979 2078 i.

260 2117 352 2194 Quae
382 2115 444 2181 etsi
474 2116 509 2179 in
536 2115 807 2199 superlativorum
838 2117 951 2182 formis
979 2117 1128 2183 omnibus
1152 2117 1296 2182 omnium

173 2219 462 2302 Propertianorum
485 2218 640 2282 librorum
658 2239 734 2284 mss.
750 2219 832 2284 locis
849 2219 1029 2298 exhibetur,
1052 2221 1298 2301 tamenubique

169 2322 207 2386 in
231 2321 487 2387 Baehrensianis
510 2320 678 2386 codicibus
701 2321 864 2403 scriptura
885 2322 1021 2404 legitur:

216 2432 427 2488 monumenta
449 2429 476 2502 4,
501 2428 529 2500 2,
553 2428 603 2499 16;
628 2429 656 2504 4,
682 2427 729 2500 11,
752 2428 808 2500 59;
833 2430 861 2504 4,
886 2426 932 2500 11,
956 2430 1010 2504 61;
1034 2431 1062 2506 5,
1085 2430 1113 2501 6,
1138 2429 1192 2504 17;
1216 2431 1244 2506 5,
1268 2430 1296 2506 6,

379 2532 435 2604 61;
460 2532 488 2605 5,
512 2533 540 2603 7,
556 2531 612 2607 as,

170 2651 192 2694 a
207 2629 408 2698 Baehrensio
431 2630 466 2693 in
489 2635 613 2693 textum
636 2637 776 2713 recepta,
798 2629 855 2692 ubi
878 2630 912 2693 in
931 2630 1130 2696 membranis
1149 2630 1302 2713 Neapoli-

171 2733 262 2798 tanis
293 2733 455 2798 reoentior
485 2751 543 2816 per
571 2733 584 2796 i
615 2731 781 2797 scribendi
812 2732 898 2797 ratio
926 2738 1034 2797 exstat
1070 2753 1110 2796 ea
1140 2753 1237 2814 quarn
1265 2733 1301 2796 L.
1362 2787 1366 2797 ,

174 2837 332 2900 blitherus
354 2835 390 2898 in
413 2834 557 2900 editione
580 2843 711 2900 secutus
734 2841 793 2900 est.

258 2939 300 3002 Et
323 2939 385 3002 hoe
416 2935 547 3019 quidem
571 2936 816 3002 concedendum
847 2944 908 3017 est,
939 2937 969 3002 si
1000 2956 1113 3001 revera
1140 2938 1175 3001 in
1198 2938 1302 3003 ortho-

171 3041 332 3123 graphica
356 3041 473 3106 saltem
496 3060 615 3122 genere
638 3046 763 3104 tantam
787 3040 855 3105 illis
882 3039 1051 3104 codicibus
1074 3041 1300 3105 auctoritatem

171 3145 355 3224 tribuimus,
378 3151 499 3226 quanta
520 3143 555 3206 in
578 3144 766 3208 universum
788 3142 990 3208 Baehrensio
1013 3141 1194 3223 videbatur,
1221 3143 1301 3227 pris-

172 3267 248 3312 cam
269 3247 367 3312 istam
390 3247 658 3329 orthographiam
688 3254 820 3329 propter
850 3246 1011 3311 summum
1044 3246 1199 3310 librorum
1223 3267 1301 3312 mss.

171 3351 202 3414 F
217 3350 290 3414 DV
314 3367 507 3414 consensum
530 3368 571 3412 ex
593 3348 772 3435 archetypo
795 3349 904 3431 potius
927 3349 962 3412 in
985 3347 1115 3414 codices
1133 3349 1209 3414 illos
1232 3368 1300 3431 pro-

172 3452 294 3516 fectam
327 3470 416 3529 esse,
460 3471 557 3532 quam
596 3448 622 3515 e'
650 3451 859 3516 librariorum
894 3450 1036 3532 quodam
1077 3451 1301 3516 commutandi

174 3553 293 3635 studio,
316 3552 403 3634 quod
425 3552 465 3616 de
488 3553 706 3636 Neapolitano
730 3554 839 3637 potius
861 3554 958 3635 libro,
980 3561 1016 3618 ut
1039 3553 1135 3630 alibi,
1167 3555 1214 3618 ita
1237 3556 1299 3620 hoc

174 3657 248 3722 loco
271 3658 341 3721 veri
364 3656 472 3722 simile
495 3663 552 3721 est.
986 3641 989 3645 ’

262 3759 343 3824 Oum
374 3779 450 3823 vero
483 3779 523 3822 ex
546 3759 744 3825 testimoniis
775 3779 875 3842 supra
905 3759 1017 3824 allatis
1041 3758 1161 3824 clarius
1190 3767 1301 3842 pateat

175 3861 282 3943 ipsius
296 3861 458 3944 Propertii
481 3868 589 3926 aetate
604 3863 818 3927 recentiorem
834 3862 1043 3945 scripturam:
1067 3861 1301 3926 monimentum

174 3965 242 4030 iarn
266 3964 366 4029 latius
388 3965 423 4027 in
446 3983 506 4030 usu
529 3964 631 4030 fuisse
653 3984 714 4030 nec
735 3984 842 4048 pauca
873 3965 908 4029 in
932 3964 1008 4029 aliis
1030 3964 1201 4029 vocabulis
1224 3966 1302 4047 pris·

175 4087 236 4133 cae
259 4067 513 4150 orthographiae
534 4067 676 4149 vestigia
699 4068 751 4132 vel
774 4067 983 4150 apertissima
1006 4065 1202 4132 documenta
1219 4067 1303 4132 codi-

175 4171 278 4248 cibus,
300 4175 458 4250 quotquot
479 4189 565 4234 nunc
588 4177 726 4251 exstant,
750 4177 881 4237 servata
899 4170 1212 4253 perlustraverimus,
1235 4191 1301 4236 non

175 4273 322 4338 alienum
356 4271 484 4338 videtur
518 4273 679 4355 suspicari
715 4274 817 4339 altero
857 4278 933 4356 post
965 4272 1130 4338 Christum
1169 4273 1300 4338 saeculo
