3275 4984
773 476 987 534 -44-

401 637 470 702 Nec
493 644 602 703 tamen
625 639 757 721 ignoro,
792 640 845 704 vel
868 641 1010 704 maxime
1036 641 1140 706 Italos
1166 641 1319 705 librarios
1341 625 1444 703 medii

316 739 390 804 aevi
423 739 533 806 studio
565 742 772 824 antiquitatis
803 741 945 824 quodam
979 742 1132 808 inductos
1163 743 1305 826 priscam
1337 741 1445 807 ortho-

315 843 496 924 graphiam,
512 863 596 924 quae
611 864 653 908 ne
668 845 857 928 archetypis
873 845 1004 927 quidem
1020 846 1244 921 exhibebatur,
1258 845 1444 927 frequenter

314 943 407 1010 libris
429 945 616 1012 inseruisse.
671 945 766 1025 Quod
795 967 862 1011 non
894 947 1056 1030 quadrare
1085 949 1120 1012 in
1154 947 1300 1013 codicem
1321 949 1447 1029 Neapo-

313 1044 452 1110 litanum
480 1067 553 1112 curn
583 1049 655 1132 ipse
685 1049 815 1115 collatis
850 1050 933 1116 locis
970 1051 1109 1133 cognovi
1139 1057 1208 1116 tum
1237 1050 1445 1115 manifestius

313 1147 459 1214 firmatur
472 1151 549 1215 Luc.
563 1149 693 1216 Mdlleri
716 1153 820 1234 praef.
844 1171 897 1235 pg.
911 1153 991 1218 XVI
1003 1153 1114 1218 verbis
1127 1153 1194 1218 his:
1216 1150 1268 1216 Ad
1283 1171 1445 1218 summum

316 1253 476 1332 agnosces
506 1253 677 1319 librarium
708 1261 864 1337 exparte
892 1256 1087 1338 scripturam
1115 1255 1193 1320 libri
1222 1254 1344 1320 veteris
1371 1273 1446 1317 cum

318 1353 381 1418 fide
403 1363 718 1438 repraesentantem,
749 1356 807 1422 sed
830 1378 896 1422 non
926 1358 1033 1424 rarius
1055 1358 1192 1423 eandem
1216 1358 1268 1424 sni
1290 1357 1446 1439 temporis

313 1456 405 1522 vitiis
428 1465 676 1540 permutantem,
700 1479 760 1524 nec
783 1458 824 1523 de
839 1459 933 1526 libris
956 1480 1032 1526 mss.
1053 1460 1191 1525 AFVD
1210 1459 1445 1556 suspicandum

314 1577 403 1640 esse‚
434 1561 516 1624 mihi
539 1560 670 1643 quidem
693 1561 775 1628 locis
799 1582 910 1627 eorum
937 1562 1060 1645 pariter
1082 1570 1179 1645 atque
1198 1565 1228 1628 N
1251 1561 1323 1627 cod.
1345 1581 1443 1644 quam

317 1661 573 1743 diligentissime
601 1665 747 1730 collectis
777 1671 1033 1730 consentaneum
1056 1672 1120 1747 est,
1151 1665 1269 1746 quibus
1292 1665 1446 1730 librarios

316 1784 395 1828 snae
412 1766 521 1847 potius
545 1768 664 1832 aetatis
683 1766 850 1833 scribendi
863 1767 985 1832 rationi
999 1788 1035 1833 se
1050 1768 1324 1860 accommodasse,
1347 1786 1446 1847 quam

314 1865 442 1948 priscae
461 1869 632 1952 archetypi
657 1869 910 1952 orthographiae
933 1871 1084 1954 exempla
1101 1871 1274 1951 reliquisse
1297 1868 1445 1952 adparet

313 1967 463 2034 Ceterum
487 1970 548 2035 hoc
563 1972 636 2036 loco
653 1970 800 2036 notanda
815 1971 945 2036 videtur
958 1973 1153 2038 llaehrensii
1167 1973 1313 2055 prolegg.
1325 1990 1378 2055 pg.
1394 1971 1446 2035 IX

312 2072 476 2137 sententia
499 2073 540 2137 de
562 2074 708 2138 omnium
740 2072 890 2139 codicum
912 2075 1086 2139 NAFVD
1109 2074 1356 2158 orthographia:
1387 2074 1446 2154 „In

315 2174 386 2238 sola
417 2194 451 2238 re
486 2176 743 2259 orthographica
773 2175 845 2242 fieri
872 2184 995 2260 potest,
1028 2185 1063 2242 ut
1091 2178 1168 2242 libri
1195 2179 1225 2242 N
1254 2176 1445 2242 testimonia

313 2275 496 2358 singularia
527 2277 624 2343 fidem
647 2285 850 2360 mereantur,
880 2298 953 2344 cum
979 2280 1014 2344 in
1041 2281 1101 2344 illa
1129 2280 1182 2345 vel
1204 2278 1388 2345 fidelissimi
1410 2283 1444 2358 (l)

312 2385 420 2443 cetera
456 2380 584 2446 librarii
619 2382 751 2464 saepius
791 2402 885 2448 suam
925 2383 1030 2448 secuti
1071 2383 1139 2448 sint
1174 2381 1445 2448 consuetudinem

313 2481 510 2564 minimeque
541 2483 607 2549 sibi
637 2484 853 2550 constiterint.
921 2485 1029 2562 Quare
1066 2485 1101 2548 in
1142 2485 1194 2550 his
1230 2483 1445 2568 Neapolitani

313 2584 455 2649 scribam
485 2584 573 2651 haud
602 2585 770 2651 indoctum
803 2588 966 2668 certisque
1000 2607 1095 2653 usum
1124 2587 1248 2653 normis
1278 2585 1444 2652 interdum

313 2687 451 2752 meliora
473 2707 623 2754 servasse
645 2709 711 2754 non
733 2689 846 2772 inepto
868 2694 1003 2754 sumes.“

401 2790 493 2866 Quae
516 2809 589 2855 cum
608 2791 656 2855 ita
682 2791 758 2868 sint,
781 2798 939 2874 quotquot
961 2793 1166 2876 reperiuntur
1187 2791 1317 2874 priscae
1339 2789 1445 2855 ortho-

315 2891 476 2974 graphiae
498 2893 649 2976 exempla
671 2893 724 2958 vel
747 2894 891 2976 vestigia
912 2895 948 2958 in
970 2895 1064 2960 libris
1087 2894 1266 2975 NAFVD,
1297 2913 1337 2958 ea
1358 2911 1446 2957 reve·

316 2993 423 3058 rentia
446 2993 588 3075 quadam
610 3001 646 3060 ut
668 3003 745 3061 sunt
767 2997 913 3079 profecta
935 3016 977 3062 ex
999 3004 1128 3063 vetusto
1151 2997 1248 3072 libro,
1280 2993 1445 3062 servanda

312 3114 384 3162 esse
408 3096 553 3160 omnium
576 3104 663 3162 certe
685 3117 848 3165 consensu
870 3100 1129 3183 proponimus1).

400 3200 491 3265 Haec
513 3201 756 3283 praemittenda
778 3202 905 3285 putavi,
932 3209 968 3267 ut
997 3203 1114 3285 quibus
1143 3201 1326 3266 rationibus
1349 3199 1443 3264 nisus

313 3303 601 3384 Propertianorum
638 3305 818 3369 carminum
854 3305 954 3369 etiam
983 3305 1019 3369 in
1053 3304 1316 3387 orthographicis
1344 3302 1443 3368 rebus

315 3405 541 3470 recensionem
565 3407 814 3472 aLachmanno
838 3406 1100 3473 commendatam
1122 3427 1180 3490 pro
1203 3413 1336 3472 nostrae
1358 3412 1445 3470 aeta-

312 3507 355 3572 tis
384 3507 509 3574 criticis
539 3507 697 3576 subsidiis
730 3508 900 3577 adiuturus
926 3529 1032 3576 essem
1064 3510 1262 3593 explicarem
1272 3513 1304 3592 ⁹).
1363 3509 1438 3587 Qua

381 3676 401 3746 ¹)
421 3676 468 3730 Ab
481 3675 637 3730 Ritschelio
656 3677 726 3732 satis
744 3682 843 3732 notum
861 3685 904 3732 est
917 3679 1031 3733 easdem
1048 3680 1173 3733 rationes
1186 3678 1215 3731 in
1227 3677 1330 3731 Plauto
1342 3692 1443 3730 recen·

312 3761 399 3814 sendo
419 3762 555 3830 probatas
575 3779 646 3816 esse.
665 3762 700 3816 cf.
718 3763 796 3816 Prol.
813 3764 892 3817 Trin.
909 3783 956 3834 pg.
975 3764 1080 3819 XCIII.

380 3847 402 3916 2)
423 3847 495 3901 Vide
515 3865 589 3918 quae
611 3853 707 3902 monet
726 3848 956 3914 Schuchardtius,
974 3851 996 3915 1,
1013 3867 1061 3920 pg.
1074 3854 1104 3903 8:
1121 3851 1156 3903 In
1171 3847 1398 3902 Handschriften
1418 3851 1442 3901 1.

312 3931 423 3987 Gradcs
452 3933 498 4002 (cf.
528 3950 613 4004 quam
639 3933 773 4004 proponit
798 3940 879 4004 pgl
906 3934 1043 3988 librorum
1066 3953 1129 3990 mss.
1149 3933 1326 4003 divisionem)
1345 3933 1443 3987 finden

311 4019 361 4070 wir
379 4037 433 4071 nur
451 4019 496 4072 dic
515 4018 725 4090 Orthographic
744 4019 794 4073 des
812 4019 921 4074 Autors
940 4019 987 4090 (i),
1004 4020 1034 4072 in
1051 4020 1274 4074 Handsehriften
1293 4023 1317 4072 2,
1329 4019 1442 4074 Grades
1505 4065 1510 4073 ,

312 4104 390 4158 dicse
417 4104 475 4156 und
502 4104 547 4158 die
575 4105 624 4158 des
650 4104 791 4173 librarius,
817 4104 848 4157 in
874 4105 1097 4160 Handschriften
1123 4107 1243 4160 hdherer
1269 4106 1368 4160 Grade
1396 4105 1442 4158 die

310 4189 528 4259 urspriingliche
564 4190 614 4244 des
652 4189 773 4258 Autom,
804 4189 850 4244 die
886 4193 999 4259 spatere
1035 4192 1085 4245 der
1119 4191 1258 4244 zwischen
1289 4190 1443 4261 liegenden

310 4273 479 4344 Exemplare
504 4275 562 4328 und
590 4275 634 4329 dic
662 4278 788 4345 spateste
817 4276 867 4328 der
894 4276 1011 4346 eigenen
1034 4276 1103 4331 Zeit.
1139 4277 1206 4329 Fiir
1232 4276 1286 4330 die
1313 4277 1443 4332 Unter-

311 4358 510 4430 scheidung
537 4361 600 4414 der
627 4361 777 4414 aweiten
806 4377 873 4414 von
902 4360 963 4415 der
994 4361 1129 4415 dritten
1158 4362 1207 4414 ist
1238 4362 1298 4415 das
1327 4362 1443 4432 einzig
