3275 4984
669 445 860 504 -7..

198 611 371 694 scriptoris
394 611 551 676 adversus
584 610 729 675 codicem
752 611 782 674 N
806 609 950 674 omnium
980 616 1067 674 certe
1093 610 1235 675 virorum
1259 609 1332 676 doc-

197 719 308 778 torum
324 733 486 780 consensu
504 713 546 779 sit
568 712 799 796 recipiendum.
847 712 912 778 Sed
934 733 973 777 ea
987 712 1028 775 de
1050 731 1085 776 re
1107 712 1329 795 librorumque
1351 750 1353 754 ,

197 835 300 880 manu
325 817 518 899 scriptorum
544 816 717 881 allatorum
733 822 851 879 natura
874 822 906 879 et
928 814 1041 880 indole
1059 834 1131 879 cum
1154 815 1330 897 diligentia

197 927 233 983 et
256 939 333 984 cura
347 917 523 984 videndum
548 920 618 999 erit,
641 919 698 983 ubi
720 938 786 982 rem
804 917 1091 1001 orthographicum
1106 918 1331 983 tractabimus.

288 1022 422 1087 Ceteras
453 1022 687 1104 Propertianas
722 1021 818 1086 saecl.
848 1022 910 1085 XV
941 1020 1163 1101 membranas,
1193 1040 1330 1102 quarum

198 1125 360 1190 lectiones
384 1123 555 1190 adnotavit
577 1123 828 1205 Hertnbergius,
859 1122 1027 1188 codicibus
1049 1122 1205 1189 AFVD
1228 1123 1331 1188 multo
1434 1174 1436 1177 v

197 1228 335 1292 viliores
356 1234 494 1310 excepta
508 1227 732 1308 Groningana
755 1226 848 1291 cuius
862 1225 1041 1308 scripturas
1063 1226 1169 1291 rarius
1184 1224 1331 1302 adiunxi,

197 1330 235 1393 in
257 1330 321 1394 hae
343 1330 619 1394 commentatione
642 1329 774 1394 omnino
797 1328 1022 1410 neglegendas
1044 1329 1167 1411 putavi.

286 1433 324 1496 In
339 1432 431 1498 libris
448 1432 589 1514 denique
604 1430 816 1496 numerandis
831 1431 1036 1495 Lachmanni
1050 1430 1103 1512 (cf.
1118 1450 1193 1513 pgg.
1203 1431 1328 1494 XXI—

198 1535 319 1598 XXIII
342 1533 389 1598 ed.
418 1539 512 1614 1816)
535 1533 656 1600 divisio
689 1533 880 1618 adoptanda
909 1533 991 1598 mihi
1015 1533 1201 1611 videbatur,
1232 1553 1329 1616 quem

198 1636 339 1718 primum
368 1643 480 1701 notum
504 1643 553 1702 est
575 1637 694 1702 librum
717 1635 895 1702 secundum
912 1634 1095 1701 discidisse
1117 1636 1152 1700 in
1169 1635 1271 1717 duos,
1294 1644 1330 1701 ut

200 1741 348 1804 carmina
360 1741 575 1823 Propertiana
590 1741 732 1822 quinque
746 1739 847 1805 libros
862 1739 1033 1822 complexa
1042 1746 1331 1819 'commonstrarem

198 1842 341 1924 priscum
365 1862 533 1907 numerum
557 1849 710 1925 quattuor
731 1842 888 1907 librorum
911 1841 1146 1923 Hertzbergius
1167 1849 1200 1906 et
1213 1841 1332 1906 Baehr-

205 1945 318 2010 ensius
340 1945 560 2010 restituerunt.

291 2047 440 2112 Ceterum
464 2048 550 2112 hano
572 2067 639 2112 rem
663 2067 728 2112 non
751 2048 799 2111 ita
822 2065 964 2129 gravem,
987 2066 1072 2128 quae
1093 2066 1151 2130 per
1173 2065 1208 2111 se
1230 2046 1329 2130 plane

200 2149 355 2214 abhorret
385 2172 405 2217 a
436 2150 683 2233 quaestionibus
714 2150 810 2216 nobis
845 2150 1038 2233 propositis,
1072 2148 1328 2231 diligentissime

200 2259 425 2318 tractaverunt
447 2253 689 2334 Hertzbergius‚
712 2252 858 2329 Quaestt.
877 2254 979 2335 Prop,
1003 2271 1079 2335 pgg.
1102 2256 1270 2317 ata-233
1294 2257 1327 2316 et
1374 2247 1377 2254 ’

199 2355 277 2420 Luc.
299 2355 464 2436 Mitllerus²
487 2356 591 2421 Praef.
614 2355 648 2419 in
671 2356 773 2438 Prop.‚
796 2374 871 2438 pgg.
894 2355 1080 2436 XI—XIII,
1103 2355 1159 2437 qui
1181 2352 1329 2432 eandem,

198 2478 298 2540 quam
321 2457 561 2536 Lachmannus,
584 2459 702 2541 probat
724 2457 931 2524 divisionem.
1002 2445 1004 2449 ¹

288 2561 401 2626 Restat
430 2568 479 2641 ut,
513 2561 610 2643 quale
644 2581 704 2626 nos
735 2561 770 2625 in
798 2560 851 2626 his
880 2561 1128 2642 quaestionibus
1155 2560 1329 2625 consilium

199 2663 346 2728 secuturi
369 2663 488 2744 simus,
518 2664 632 2746 paucis
654 2662 827 2728 indicetur.
877 2664 986 2728 Primo
1016 2663 1118 2745 igitur
1148 2664 1257 2747 capite
1285 2663 1330 2728 in·

199 2764 433 2846 vestigandum
458 2766 527 2845 erit,
550 2765 668 2847 quibus
682 2766 716 2830 in
740 2766 927 2831 universum
945 2766 1127 2832 rationibus
1142 2767 1330 2849 Propertius

201 2886 239 2932 se
269 2867 485 2950 applicaverit
516 2876 548 2933 et
576 2869 611 2932 in
634 2869 827 2951 peregrinis,
857 2869 1019 2954 imprimis
1049 2871 1193 2951 graecis,
1229 2876 1262 2934 et
1294 2870 1329 2934 in

201 2969 321 3052 patriis
339 2971 527 3036 nominibus
541 2970 728 3048 flectendis3
750 2971 863 3054 altero,
878 2992 960 3054 quas
975 2973 1010 3037 in
1028 2973 1120 3037 verbi
1131 2971 1327 3038 flexionibus

202 3091 336 3138 normas
360 3073 596 3154 observaverit;
627 3074 738 3153 tertio,
770 3094 869 3156 quam
899 3074 1064 3141 scribendi
1087 3075 1247 3140 rationem
1269 3095 1328 3157 pro

201 3182 334 3240 nostrae
347 3176 467 3242 aetatis
478 3177 635 3242 subsidiis
652 3177 776 3242 criticis
795 3178 921 3260 passim
931 3177 1088 3243 adversus
1099 3177 1327 3242 Mdlleriauam

201 3285 235 3341 et
263 3279 545 3344 Baehrensianam
576 3279 738 3346 editiones
769 3280 914 3345 maxime
943 3281 1127 3364 probemus.
1190 3281 1263 3358 Qua
1291 3280 1327 3344 in

204 3377 436 3445 distributione
459 3401 538 3446 sane
559 3381 736 3458 fatendum,
758 3383 917 3448 nonnulla
934 3383 1068 3465 quaein
1083 3382 1329 3465 quaestionibus

202 3483 427 3562 grammaticis
451 3490 592 3549 tractata
614 3491 701 3564 sunt,
726 3485 991 3569 orthographicis
1008 3507 1074 3551 non
1088 3485 1198 3550 aliena
1211 3484 1325 3550 eodem

201 3584 273 3650 iure
303 3584 379 3650 huic
410 3585 654 3653 dissertationis
685 3588 773 3672 parti
796 3587 934 3670 adiungi
955 3589 1110 3671 potuisse.
1159 3587 1252 3665 Quod
1275 3587 1328 3652 vel

201 3688 345 3752 maxime
372 3689 511 3771 quadrat
541 3690 575 3753 in
606 3690 831 3755 accusativum
862 3699 895 3755 et
922 3691 1160 3756 nominativum
1189 3690 1328 3773 pluralis

202 3810 288 3854 num.
325 3792 451 3872 tertiae,
488 3809 571 3873 quae
608 3791 706 3874 vulgo
739 3791 871 3868 dicitur,
912 3792 1143 3858 declinationis
1171 3793 1207 3856 in
1238 3793 1330 3856 -is

203 3901 382 3957 exeuntem.
406 3931 446 3941 -
