3275 4984
637 517 674 526 -
721 485 847 564 53⁶-

167 653 399 735 pronuntiare,
428 651 457 717 si
479 650 575 716 modo
597 649 632 714 id
655 651 792 732 agimus,
818 658 854 714 ut
876 649 919 713 ad
942 650 1114 734 archetypi
1136 649 1303 731 exemplar

167 754 302 837 elegias
332 754 564 837 Propertianas
596 753 812 834 corrigamus,
845 753 995 818 omnibus
1028 753 1063 816 in
1090 753 1172 817 locis
1203 771 1302 834 supra

166 858 288 922 allatis
318 858 460 940 priscam
500 856 769 938 orthographiam
808 863 919 921 voster
954 855 1190 921 restituendam
1230 872 1302 919 esse

165 959 290 1024 eorem
312 961 397 1036 rure,
427 943 490 1042 'quo
513 960 549 1023 n
574 959 703 1024 casuro
716 964 739 1037 1)
763 957 978 1044 recensendo,
996 958 1064 1022 uu
1087 957 1203 1041 opums
1225 956 1302 1020 1113

166 1062 277 1127 etiam
317 1068 429 1126 noster
470 1060 628 1127 adversus
675 1080 807 1128 sensum
852 1060 1026 1143 praebent,
1060 1061 1302 1136 Lachmannus,

167 1164 380 1241 ι5311113111113,
406 1165 569 1248 Hauptius
592 1165 693 1242 Ellis,
715 1167 791 1228 Luc.
813 1163 937 1227 Mdller.
960 1163 1053 1226 illam
1084 1162 1303 1229 adsciverunt.

261 1268 351 1331 Haec
381 1267 483 1349 igitur
513 1268 677 1333 sententia
707 1285 779 1331 cum
807 1271 875 1329 tam
907 1273 995 1330 certa
1025 1268 1068 1331 sit
1091 1267 1189 1333 miror
1212 1285 1301 1344 sane,

166 1368 263 1450 quod
286 1369 506 1464 Baehrensius
537 1378 647 1435 tamen
675 1354 870 1452 scripturam
902 1373 1043 1448 „vester‘
1073 1370 1108 1433 in
1131 1369 1214 1434 locis
1237 1368 1303 1432 lau-

168 1471 265 1537 datis
299 1473 471 1538 vetustiori
502 1472 704 1556 praeposuit,
745 1471 940 1555 praesertim
977 1492 1050 1537 cum
1086 1471 1188 1537 solius
1225 1470 1301 1535 libri

176 1577 205 1638 D
230 1575 622 1656 auctoritate„vorte1·et“
646 1581 674 1655 l,
699 1581 727 1654 7,
756 1579 795 1640 43
825 1575 939 1653 (331311
961 1581 1114 1652 verteret)
1137 1583 1169 1639 et
1192 1592 1303 1639 seeun-

166 1675 252 1740 dum
275 1679 305 1741 D
328 1679 357 1742 V
380 1678 481 1744 libros
504 1699 578 1744 mss.
601 1677 791 1759 „divorsas
815 1684 843 1752 4,
869 1682 897 1756 3,
921 1682 961 1742 33
985 1675 1129 1759 (diverse
1151 1678 1181 1742 N
1204 1678 1243 1754 F)
1265 1677 1312 1740 in

168 1778 355 1845 editionem
378 1781 545 1863 receperit.

262 1885 361 1947 Porro
384 1891 420 1948 ut
442 1884 477 1948 in
496 1883 734 1964 antiquissimis
763 1883 898 1964 linguae
929 1883 1164 1958 monumentis,
1194 1881 1302 1963 quoad

169 1987 289 2050 eorum
311 1986 471 2068 reliquiae
494 1984 536 2050 ad
559 2005 619 2051 nos
642 1992 873 2069 pervenerunt,
905 1985 1168 2068 frequentissime
1191 2005 1304 2068 prono

172 2088 276 2154 minis
302 2088 443 2155 formae:
470 2089 640 2171 „quoius
664 2095 696 2152 et
718 2088 818 2169 quoi
846 2107 905 2170 pro
928 2089 1020 2153 cuius
1044 2095 1075 2153 et
1098 2088 1151 2153 cui
1173 2089 1307 2153 recenti-

167 2193 288 2259 oribus
301 2196 325 2270 ²)
347 2192 516 2273 leguntur,
539 2191 587 2255 ita
610 2191 834 2274 Propertianis
857 2210 984 2273 quoque
1016 2191 1051 2255 111
1081 2191 1175 2256 libris
1204 2212 1303 2255 manu

168 2295 310 2378 scriptis
336 2278 424 2359 haud
446 2313 552 2377 pauca
575 2301 671 2374 atque
695 2293 903 2386 apertissima
933 2294 1063 2377 priscae
1091 2294 1181 2359 illius
1208 2295 1306 2378 scrip-¹

168 2404 270 2462 turae
292 2396 418 2462 indicia
440 2397 556 2462 relicta
578 2395 736 2462 videmus.

267 2500 431 2566 Exhibent
462 2499 617 2564 videlicet
639 2499 790 2582 plurimis
813 2499 974 2564 eiusmodi
1003 2499 1085 2565 locis
1114 2500 1167 2564 vel
1190 2500 1307 2582 optimi

171 2600 272 2668 codd.
318 2609 503 2686 corruptam
535 2609 567 2666 et
606 2623 625 2666 3
664 2601 829 2667 sententia
865 2603 1101 2684 verborumque
1145 2609 1308 2668 structura

169 2725 313 2788 prorsus
336 2705 479 2769 alienam
501 2705 693 2788 lectionem,
719 2725 783 2787 qua
805 2711 916 2770 tamen
932 2711 964 2770 et
986 2705 1131 2788 ipsarum
1147 2713 1307 2788 corrupte·

175 2809 283 2872 larum
309 2808 419 2890 speeie
441 2815 474 2872 et
495 2814 614 2872 natura
637 2807 735 2872 facile
754 2807 925 2890 evincitur,
949 2809 1162 2892 archetypum
1179 2809 1305 2891 priscas

172 2910 300 2976 formas
332 2910 503 2994 habuisse,
535 2930 616 2992 quas
647 2928 720 2974 cum
743 2910 872 2974 librarii
900 2930 961 2975 nec
992 2911 1221 2993 intellegerent
1243 2930 1304 2976 nec

172 3013 345 3095 explicare
383 3020 534 3096 possent,
578 3013 772 3078 stultissime
809 3013 955 3095 ipsorum
993 3013 1128 3078 arbitrio
1167 3033 1306 3078 commu-

172 3121 340 3182 taverunt.

171 3303 226 3354 fiir
250 3321 266 3356 o
290 3301 369 3355 nicht
391 3301 494 3370 durch;
524 3301 553 3355 in
576 3300 688 3370 einigen
712 3300 782 3355 aher
805 3300 893 3354 sehon
916 3302 982 3354 sehr
1010 3301 1083 3356 friih.
1119 3303 1154 3356 ln
1177 3303 1304 3356 anderen

175 3388 287 3442 wahrte
306 3388 350 3442 die
368 3389 495 3458 gemeine
515 3387 640 3457 Sprache
660 3403 691 3440 o:
714 3393 812 3440 vostro
834 3387 908 3451 ital,
931 3405 974 3458 sp.
992 3394 1121 3454 vuestro,
1145 3407 1191 3459 pg.
1210 3405 1305 3457 rosso,

171 3493 221 3544 pr.
240 3480 345 3538 vostre,
362 3474 397 3528 fr.
415 3475 505 3542 vitre,
523 3475 585 3527 wal.
603 3477 709 3527 nostru.
731 3513 738 3526 .

250 3563 271 3628 ¹)
289 3560 395 3614 Vestra
407 3559 560 3628 XXVIIII,
575 3563 619 3627 133
634 3558 723 3612 vostri
732 3557 794 3622 LV,
804 3556 936 3627 22ς11ΧΙ,
947 3562 1008 3627 2053
1027 3566 1139 3614 vostras
1148 3561 1253 3625 LXVI,
1263 3565 1304 3616 87.

172 3647 314 3702 Ceterum
332 3647 367 3700 de
389 3645 586 3716 pronominum
605 3650 705 3699 ,voster
729 3649 757 3698 31
779 3648 877 3698 1133131
900 3645 1067 3700 confusione
1088 3647 1118 3700 in
1137 3647 1305 3702 Catullianis

171 3733 259 3788 libris
277 3733 435 3788 lucidenter
454 3731 584 3800 exposuit
604 3730 775 3794 Schwabius,
795 3736 918 3800 quaestt.
937 3731 1048 3796 Catuli,
1066 3750 1113 3802 pg.
1133 3737 1242 3786 151-
1260 3735 1305 3789 De

173 3823 258 3888 polit.
277 3835 369 3872 scaen.
387 3817 456 3872 libb.
474 3835 538 3870 mss.
552 3815 714 3886 frequentia
727 3815 762 3869 cf.
776 3815 894 3869 Ritschl.
907 3816 1039 3888 Prolegg.
1052 3818 1139 3887 Tria,
1157 3837 1203 3890 pg.
1217 3819 1305 3874 XCV.

249 3905 270 3974 2)
290 3903 351 3958 Vel.
370 3899 461 3974 Longi
480 3902 548 3972 VII,
573 3906 618 3967 16,
638 3907 666 3969 3;
690 3904 798 3974 ‘lr,10.
818 3931 850 3940 -
869 3900 1020 3967 Corssen2,
1042 3903 1069 3967 1,
1093 3922 1160 3974 pgg.
1178 3909 1223 3973 68,
1246 3911 1304 3972 706,

175 3991 217 4058 Π,
237 3995 294 4044 lod
314 3989 489 4054 Brambach,
508 4006 554 4058 pg.
575 3991 638 4042 228:
657 3986 803 4042 Nachdem
818 4002 883 4040 man
901 3992 974 4040 etwa
991 3987 1047 4042 bis
1065 3989 1100 4042 in
1113 3990 1168 4044 die
1180 3991 1304 4046 Htilfte

172 4077 241 4130 des
262 4080 283 4129 1.
297 4075 561 4130 Jahrhunderts
581 4073 648 4144 quoi
667 4072 859 4141 festgehalten
876 4072 966 4141 hatte,
983 4079 1041 4128 trat
1059 4076 1242 4130 entschieden
1260 4078 1305 4131 die

175 4160 316 4216 leichtere
328 4161 414 4214 Form
427 4160 480 4226 ein,
499 4160 551 4214 wie
564 4159 722 4224 Quintilian
733 4159 859 4228 bezeugt
878 4161 901 4222 1,
920 4163 944 4226 i,
962 4162 1009 4213 27:
1028 4159 1097 4214 illud
1109 4180 1184 4216 nunc
1197 4164 1306 4234 melius,

89 4285 97 4298 .
175 4247 259 4318 quod
278 4246 445 4328 epitritus,
474 4263 544 4316 quas
569 4244 736 4315 praeposui,
763 4244 867 4297 litteris
891 4250 1052 4311 enotamus,
1078 4247 1107 4300 in
1131 4265 1186 4318 quo
1209 4250 1305 4318 pueris

177 4332 267 4386 nobis
287 4332 323 4386 ad
340 4333 473 4402 pinguem
491 4348 560 4386 sane
578 4348 677 4385 sonum
692 4348 711 4400 q
729 4335 758 4384 et
775 4348 794 4383 u
813 4336 870 4384 eto
889 4335 918 4384 31
935 4330 945 4383 1
962 4322 1126 4397 utebantur,
1144 4340 1255 4392 tanturn
1274 4343 1307 4390 ut

174 4419 218 4474 ab
238 4419 286 4472 illo
306 4418 354 4488 qui
372 4418 612 4488 distingueretur„
