3275 4984
649 461 857 520 ..43-

184 633 349 692 momento
374 625 415 690 ad
438 623 710 709 persuadendum,
734 623 880 689 codicem
894 627 1149 708 Neapolitanum
1172 631 1205 690 ct
1223 624 1313 705 duas,

184 729 215 794 si
238 729 475 794 Baehreusium
498 735 662 794 auctorem
686 728 859 810 sequimur,
881 729 1144 793 membranarum
1166 729 1312 793 familias

183 832 257 912 AF,
280 832 346 896 VD
370 824 410 896 er'r
433 830 574 897 diversis
597 831 742 925 fontibus
764 831 929 914 profectas
956 851 1036 897 esse.
1087 832 1191 896 Immo
1214 833 1314 915 plane

185 932 351 1000 diversum
383 933 485 1000 fuisse
516 934 650 1015 ingenio
678 941 710 998 et
745 932 896 998 doctrina
924 934 1095 1000 librarium
1126 933 1250 1000 codicis
1282 935 1314 998 N

186 1037 340 1102 existimo
372 1037 413 1100 ab
444 1036 499 1118 iis,
532 1035 716 1118 quicunque
747 1037 885 1100 AFVD
915 1036 1016 1102 libros
1040 1037 1315 1120 conscripserunt.

186 1139 286 1202 Illum
309 1139 396 1204 euim
426 1148 462 1204 ut
490 1138 639 1205 videmus
662 1139 819 1204 lectiones
843 1138 894 1204 sui
926 1138 1048 1204 codicis
1071 1138 1114 1204 ad
1141 1140 1313 1224 archetypi

185 1239 285 1319 fidem
299 1262 396 1324 quam
413 1241 621 1307 strictissime
643 1247 910 1324 repraesentasse
932 1243 1084 1324 neglecta
1106 1262 1201 1324 sane,
1230 1262 1314 1325 quae

184 1350 254 1408 tum
284 1344 417 1409 levioris
440 1343 596 1409 momenti
625 1342 812 1424 videbatur,
847 1345 971 1426 passim
999 1346 1215 1411 vetustissimi
1236 1346 1314 1410 libri

185 1446 435 1529 orthographia,
477 1447 526 1510 ita
562 1446 637 1525 hoe,
684 1445 714 1512 si
753 1446 925 1511 verborum
959 1466 1091 1513 sensum
1131 1449 1184 1512 vel
1214 1448 1314 1513 inusi-

186 1555 275 1614 tatas
312 1552 417 1631 neque
449 1549 530 1614 satis
568 1555 655 1613 certo
694 1547 891 1631 adparentes
930 1549 1112 1615 litterarum
1144 1551 1315 1635 archetypi

183 1651 308 1718 formas
332 1671 398 1716 nou
420 1651 672 1733 intellegebant,
701 1671 814 1716 verum
847 1659 878 1716 et
909 1672 1100 1734 germanum
1132 1660 1255 1718 textum
1283 1661 1316 1718 et

185 1753 496 1837 interpolationibus
519 1755 658 1836 turpiter
680 1755 864 1836 corrupisse
886 1762 919 1818 et
938 1753 1184 1821 inconsiderate
1206 1755 1316 1839 depin-

185 1863 303 1938 gentes
325 1857 378 1922 vel
402 1854 560 1922 adversus
582 1857 727 1939 ipsorum
753 1857 957 1922 voluntatem
981 1859 1079 1923 stulte
1093 1866 1311 1924 commutasse

183 1959 235 2024 ita
257 1957 396 2040 quidem,
419 1965 455 2024 ut
477 1957 637 2040 quidquid
660 1961 830 2043 archetypi
852 1960 982 2043 priscae
996 1959 1163 2025 scribendi
1176 1960 1315 2026 rationis

183 2061 220 2127 in
245 2060 314 2127 cod.
328 2063 358 2126 N
377 2060 420 2126 ad
443 2061 567 2128 saeculi
582 2062 660 2126 XIV
674 2062 726 2127 rel
741 2063 803 2126 XV
820 2063 1024 2128 usitatiorem
1045 2063 1312 2146 orthographiam

184 2165 454 2230 transformatum
478 2171 605 2245 exstat,
641 2172 820 2229 ceterorum
850 2166 1007 2230 librorum
1029 2186 1105 2232 mss.
1136 2186 1176 2230 cn
1198 2165 1313 2231 eodem

185 2267 279 2332 fonte
315 2268 532 2351 profectorum
577 2287 827 2350 saepenumero·
850 2269 989 2350 integris
1024 2269 1221 2334 testimoniis
1259 2271 1313 2335 rel

183 2369 269 2453 ipsis
293 2370 485 2453 corruptelis
508 2368 685 2451 aliquando
708 2369 880 2435 indicetur.

272 2473 352 2537 Cum
367 2480 475 2536 autem
492 2473 713 2554 singularibus
740 2472 937 2553 quibusdam
952 2473 1034 2539 locis
1053 2472 1168 2538 eadem
1181 2475 1310 2557 priscae

184 2574 353 2640 scribendi
375 2575 514 2640 rationis
539 2573 734 2642 documenta
762 2576 815 2640 vel
846 2577 973 2640 sincere
1003 2576 1152 2641 exhibita
1174 2579 1226 2642 vel
1250 2597 1315 2643 cor-

183 2677 324 2760 ruptelis
347 2678 429 2743 satis
459 2677 608 2742 indicata
636 2679 671 2742 iu
694 2679 845 2743 omnibus
876 2679 969 2744 libris
991 2680 1188 2761 NAFVD,
1220 2682 1312 2747 ouius

183 2780 222 2843 iu
247 2779 498 2864 orthographico
522 2800 640 2862 genere
662 2781 776 2846 variae
798 2781 957 2846 lectiones
978 2782 1061 2846 mihi
1083 2790 1214 2865 praesto
1231 2791 1315 2864 sunt,

184 2889 372 2964 recurrant,
401 2883 609 2948 manifestius
636 2883 739 2965 liquet
762 2882 805 2947 ad
833 2905 933 2948 unum
965 2885 1178 2969 archetypum
1207 2885 1314 2950 redire

187 3005 319 3050 omnem
341 2993 487 3051 nostram
509 2986 699 3051 memoriam
709 2991 741 3064 ¹).

274 3089 358 3154 Sunt
387 3107 463 3170 ergo
486 3089 725 3154 Baehreusiani
755 3087 885 3154 codices
914 3090 1070 3168 AFVD,
1102 3110 1183 3171 quos
1205 3088 1313 3154 Fried.

185 3193 254 3256 Leo
286 3191 306 3255 l.
337 3191 356 3254 l.
386 3190 428 3255 ad
460 3198 562 3256 artem
600 3191 747 3257 criticam
782 3211 937 3274 prospere
966 3191 1183 3257 exercendam
1213 3193 1314 3257 ullam

185 3293 364 3358 utilitatem
394 3293 516 3358 habere
546 3295 679 3359 omnino
709 3301 821 3376 negat,
851 3295 908 3358 ubi
934 3294 969 3358 in
1006 3295 1168 3377 scriptura
1204 3294 1314 3360 deficit

186 3396 436 3480 Neapolitanus,
450 3395 486 3460 id
494 3396 580 3479 quod
588 3397 712 3480 passim
722 3397 811 3461 cerni
819 3417 916 3480 posse
928 3403 1067 3462 testatur
1076 3398 1314 3478 L.Mtillerus²),

185 3499 307 3563 vicarii
344 3498 373 3564 si
408 3499 517 3564 minus
557 3498 600 3564 ad
636 3499 810 3565 lectionem
849 3499 1117 3581 confirmandam,
1155 3507 1190 3565 at
1227 3508 1313 3565 certe

185 3601 404 3667 vetustissimi
427 3602 542 3668 amissi
572 3601 695 3668 codicis
719 3601 885 3668 scribendi
914 3603 1074 3667 rationem
1097 3603 1314 3686 supplendam

184 3711 285 3786 atque
308 3702 567 3768 adumbrandam
590 3704 844 3787 haudquaquam
867 3704 1106 3770 contemnendi.

258 3926 278 3990 ¹)
297 3924 339 3978 Cf.
358 3924 470 3990 Hetzel,
488 3925 505 3977 l.
524 3925 540 3980 1.
559 3943 606 3996 pg.
625 3929 648 3978 2.

258 4010 279 4078 2)
301 4009 344 4064 cf.
361 4009 450 4080 praef,
469 4011 513 4064 ad.
532 4011 617 4081 Prop
636 4029 681 4082 pg.
701 4010 770 4065 XV:
800 4011 904 4066 Restat
921 4018 954 4064 ut
976 4011 1011 4065 de
1030 4011 1232 4081 orthographia
1249 4013 1315 4067 libri

186 4095 215 4150 N
234 4095 382 4164 disseram3
402 4113 475 4166 quae
492 4096 593 4150 mirum
611 4096 640 4149 iu
657 4097 771 4150 modum
790 4096 904 4150 exhibet
920 4096 1007 4149 mixta
1025 4103 1054 4149 et
1072 4095 1190 4149 confusa
1208 4097 1314 4152 intense

186 4198 257 4236 vera
274 4179 347 4234 falsa
366 4181 460 4236 dubia.
495 4181 650 4236 Praeterea
670 4181 705 4236 of.
723 4181 818 4236 Fried.
831 4182 891 4236 Leo
910 4183 927 4235 l.
945 4182 962 4236 l.
981 4200 1008 4250 p.
1027 4185 1091 4234 446:
1111 4182 1314 4252 orthographia

187 4266 294 4322 codicis
314 4266 351 4332 N,
379 4285 452 4337 quae
478 4268 508 4320 in
533 4267 628 4321 multis
656 4267 784 4337 superior
812 4274 857 4322 est
878 4268 953 4321 illius
976 4267 1039 4320 aevi
1064 4268 1266 4322 consuetudine
1285 4276 1315 4322 et

185 4352 314 4415 scientia,
334 4359 410 4407 certe
428 4370 485 4406 non
502 4353 699 4423 interpolatori
717 4353 838 4408 debetur
856 4360 885 4407 et
903 4371 948 4423 qu.
967 4371 988 4406 s.
