3275 4984
782 409 994 469 -rc-

410 572 557 638 lustratu'
581 574 685 638 nitore
708 577 764 652 923

410 674 538 756 magnu'
562 675 613 740 lec
637 679 712 756 2633

408 777 510 842 toruu'
534 776 631 842 draeo
655 777 696 842 de
717 785 783 843 nat.
806 777 893 843 deor.
917 783 944 858 2,
967 783 1016 842 42.

409 879 524 960 Itaque
562 886 692 963 praeter
728 881 809 946 haec
845 888 877 945 et
906 881 1028 946 Catulli
1062 881 1229 963 singulare
1263 880 1447 963 exemplum

325 979 440 1063 CXVI,
469 986 504 1048 8:
532 991 566 1046 at
588 982 671 1048 fixus
694 983 814 1049 nostris
837 982 959 1049 tudabi‘
991 984 1189 1067 supplicium
1212 982 1299 1066 apud
1322 990 1447 1048 ceteros

323 1105 444 1150 aureae
466 1085 585 1150 aetatis
607 1092 722 1168 poetas
744 1085 849 1168 primo
872 1085 986 1151 obtutu
1000 1087 1091 1151 nulla
1113 1086 1274 1152 eiusmodi
1292 1087 1448 1151 licentiae

327 1187 478 1270 exempla
500 1194 629 1253 exstare
650 1187 810 1252 videntur.

410 1293 562 1357 Attamen
585 1291 673 1356 unde
694 1291 845 1356 ducenda
868 1291 919 1373 sit,
943 1292 971 1358 si
993 1292 1187 1373 quaerimus,
1210 1292 1297 1375 apud
1318 1295 1450 1378 Proper-

323 1392 405 1456 tium
428 1393 533 1458 forma
1231 1385 1233 1390 ’
1402 1449 1405 1456 .

411 1515 534 1578 mage
560 1503 584 1578 1,
610 1503 657 1574 11,
680 1501 714 1574 93
737 1503 765 1570 4,
791 1503 840 1574 14,
862 1501 896 1578 23
919 1503 947 1574 5,
971 1502 998 1578 8,
1024 1503 1071 1576 16,
1095 1497 1448 1582 euiusprcsectoapud

324 1599 493 1665 universos
517 1617 636 1664 aureae
659 1600 777 1664 aetatis
800 1600 975 1683 scriptores
997 1621 1063 1665 non
1085 1600 1133 1665 ita
1147 1601 1252 1667 multa
1274 1607 1448 1666 occurrunt

323 1701 513 1783 specimina,
537 1703 619 1767 haec
641 1702 723 1766 mihi
746 1702 857 1788 opinio
880 1703 1026 1786 proxime
1044 1702 1087 1767 ad
1102 1703 1273 1767 veritatem
1292 1703 1448 1768 accedere

323 1802 454 1869 videtur
474 1804 522 1886 [cf.
538 1805 688 1880 Ktihner,
703 1806 725 1886 Ι,
740 1825 792 1887 pg.
810 1810 888 1883 1163
912 1805 1081 1885 Oorssen²‚
1104 1807 1146 1887 ΙΙ,
1163 1810 1223 1870 247
1238 1813 1297 1887 sq.)
1312 1805 1443 1871 easdem

323 1925 396 1970 eam
419 1906 616 1973 mutationes
639 1927 772 1991 passam
796 1926 887 1987 esse,
919 1928 1001 1989 quas
1023 1908 1159 1973 formam
1183 1907 1446 1990 frequentiorem:

244 2086 247 2090 .
322 2015 399 2091 pote
421 2010 449 2086 2,
475 2016 500 2090 1,
524 2015 581 2090 46;
604 2016 633 2088 4,
658 2016 685 2090 7,
711 2015 748 2076 10
763 2010 819 2087 ita,
841 2019 877 2074 ut
895 2011 1059 2092 genuinae
1083 2017 1114 2075 et
1135 2011 1324 2094 primitivae
1339 2011 1447 2078 vocis:

323 2113 430 2193 magis
452 2113 557 2196 primo
580 2113 690 2177 littera
713 2133 728 2178 s
751 2112 873 2179 rustico
896 2110 1029 2178 dicendi
1051 2133 1140 2178 more
1154 2113 1306 2195 neglecta
1328 2113 1446 2178 deinde

281 2285 283 2288 ,
323 2215 449 2281 vocalis
471 2215 484 2278 i
507 2215 607 2281 simili
629 2200 764 2280 liodntia
786 2216 822 2279 in
844 2234 862 2279 e
884 2216 1046 2281 transiret.

262 2396 264 2401 Ι
410 2318 501 2395 Quae
534 2318 665 2401 quidem
695 2317 863 2383 fluctuatio
890 2319 975 2383 inter
998 2319 1010 2383 i
1033 2326 1065 2383 et
1087 2339 1106 2383 e
1132 2319 1263 2384 vocales
1286 2319 1447 2384 voeabula

324 2421 546 2501 terminantes,
573 2441 671 2502 quam
693 2420 760 2485 late
782 2421 849 2484 iam
872 2441 991 2485 aureae
1012 2422 1146 2509 linguae
1168 2427 1276 2486 aetate
1298 2422 1448 2505 patuerit,

323 2529 356 2588 et
370 2543 411 2588 ex
428 2523 677 2606 inscriptionum
690 2522 827 2606 adparet
850 2523 938 2588 haud
951 2525 1067 2607 paucis
1080 2524 1285 2590 documentis
1299 2529 1332 2602 ¹),
1353 2530 1385 2588 et
1406 2543 1448 2588 ex

208 2626 210 2634 '
322 2626 467 2709 ipsorum
505 2626 790 2710 Propertianorum
829 2627 977 2691 codicum
1020 2627 1171 2709 vestigiis
1212 2627 1340 2710 colligi
1361 2627 1447 2692 licet.

323 2729 458 2812 Legitur
481 2729 567 2793 enim
667 2746 669 2750 ·
1347 2758 1351 2762 ’

409 2833 504 2898 here
528 2837 556 2908 3,
579 2836 627 2906 22,
652 2837 666 2895 1
693 2851 775 2896 omn.
800 2831 901 2910 codd,
925 2839 1038 2897 eontra

408 2935 501 2999 heri
524 2939 552 3014 3,
577 2941 624 3016 14,
648 2939 705 3011 2ος
728 2941 756 3014 4,
780 2939 829 3024 23,
854 2938 893 2998 12
917 2955 999 2999 omn.
1023 2933 1115 2998 codd.
1138 2935 1186 2999 eri
1207 2936 1283 2999 Fm.
1308 2941 1334 2999 1.

323 3038 396 3103 Huc
418 3038 595 3103 referamus
610 3037 716 3102 locum
734 3037 869 3114 Quintil.
892 3038 916 3117 Ι,
940 3043 967 3117 7,
990 3041 1048 3103 22:
1070 3038 1164 3118 „here
1186 3057 1273 3103 nunc
1296 3057 1314 3102 e
1336 3037 1447 3101 littera

324 3141 550 3207 terminamus:
582 3148 616 3205 at
644 3148 790 3205 veterum
820 3141 1018 3205 comicorum
1047 3138 1155 3226 adhue
1181 3140 1275 3206 libris
1300 3140 1447 3205 invenio:

323 3244 395 3308 heri
418 3243 460 3308 ad
482 3263 534 3308 me
556 3243 673 3322 venit,“
695 3263 758 3325 quo
782 3243 864 3309 satis
896 3244 1017 3323 elucet,
1050 3242 1248 3320 Quintiliani
1277 3243 1344 3307 iam
1372 3250 1445 3308 tem-

323 3346 457 3429 poribus
483 3348 495 3410 i
528 3345 675 3410 vocalem
705 3346 740 3409 in
768 3346 831 3411 hoe
857 3346 1017 3410 vocabulo
1046 3344 1290 3428 pronuntiando
1317 3347 1446 3429 vulgari

323 3467 472 3514 sermone
503 3448 585 3514 adeo
608 3449 643 3512 in
673 3469 690 3513 e
713 3447 920 3514 debilitatam
942 3467 1030 3529 esse,
1061 3455 1097 3512 ut
1123 3448 1242 3513 forma:
1272 3449 1350 3513 here
1379 3469 1447 3514 una

323 3552 473 3634 legitima
495 3551 677 3616 haberetur.

409 3655 517 3733 Quare
541 3656 569 3720 si
592 3651 855 3734 consideramus,
887 3653 1171 3737 Propertianomm
1202 3652 1448 3720 codicumeon-

393 3859 414 3929 ¹)
434 3857 537 3911 TIBE:
558 3858 588 3912 O.
606 3859 633 3913 J.
653 3857 686 3910 L.
704 3859 727 3928 Ι,
745 3862 776 3912 33
798 3859 921 3927 (exeunt.
939 3857 980 3912 VI
998 3874 1073 3911 saec.
1091 3857 1182 3928 urb.);
1203 3857 1305 3912 NISE:
1324 3857 1355 3920 C.
1373 3845 1448 3912 J.'L.

322 3945 345 4010 Ι,
365 3949 423 4010 205,
444 3948 467 4012 1,
484 3949 516 3998 47
537 3943 607 4005 (Lex
626 3945 713 3998 Rubr.
732 3961 756 3998 a.
777 3949 825 3998 705
844 3942 916 4014 urb.)
937 3974 968 3983 -
986 3943 1033 3996 Ad
1050 3943 1182 3997 formam:
1201 3961 1289 4013 quase
1308 3943 1343 3998 of.
1355 3943 1446 3998 Lach-

321 4047 415 4084 mann.
434 4030 471 4084 ad
488 4030 573 4084 Luor.
590 4029 628 4098 ΙΙ,
646 4033 703 4084 291.
721 4061 754 4068 -
772 4029 919 4097 Ribbeck,
937 4029 1112 4083 Fleckeisen.
1131 4030 1223 4083 annal.
1242 4036 1301 4083 torn
1327 4029 1446 4095 LXXV,

322 4133 368 4186 pg.
388 4120 446 4169 301.
462 4147 497 4155 -
516 4116 701 4180 Schuchardt,
720 4115 757 4180 ΙΙ,
776 4133 842 4186 pgg.
860 4119 950 4168 1—91.
969 4146 1002 4153 -
1025 4114 1138 4168 Livium
1155 4115 1346 4184 patavinitate
1365 4134 1447 4170 usum

325 4201 485 4270 scripsisse:
508 4201 569 4255 sibe
594 4207 623 4255 et
648 4217 736 4271 quase
754 4206 878 4255 testatur
896 4199 991 4264 Qintil.
1010 4200 1032 4268 Ι,
1055 4205 1079 4264 7,
1102 4204 1143 4253 24.
1180 4200 1223 4254 ef.
1242 4200 1361 4272 Reisig,
1383 4201 1401 4254 l.
1417 4203 1446 4266 1.,
1619 4248 1621 4293 Ι

325 4284 345 4360 ξ
363 4290 395 4340 48
414 4305 461 4357 pg.
480 4291 520 4340 61.
