3275 4984
795 396 1015 476 ,-ao-

339 563 410 628 eius
443 561 532 628 modi
568 561 691 627 formae
721 567 877 624 exaratae
907 559 1080 636 fuerint,a
1109 541 1248 624 ueritate
1286 559 1369 624 mihi
1405 579 1475 623 non

341 666 485 731 alienum
521 663 650 729 videtur
687 682 887 746 proponere,
923 662 1043 744 ubique
1081 682 1137 728 eas
1172 663 1312 747 scriptas
1353 661 1475 727 fuisse:

339 768 459 849 vultus,
483 769 611 851 vulgus,
635 766 791 847 vulgaris,
815 765 934 831 vulnus
957 785 983 829 c.
1006 764 1138 830 casibus
1160 765 1238 829 inde
1260 766 1350 848 prof,
1380 784 1476 847 prop.

340 880 431 938 terea
454 873 507 936 vel
538 870 693 948 maxime,
719 866 806 951 quod
829 867 974 933 omnium
997 867 1089 932 codd.
1112 869 1143 933 N
1172 868 1309 933 ADFV
1340 885 1475 933 consen.

341 975 493 1040 tientium
512 973 707 1038 auctoritate
730 971 881 1037 omnibus
902 971 939 1035 in
961 971 1084 1036 talibus
1099 971 1210 1036 verbis
1226 971 1414 1052 geminatae
1427 991 1472 1034 vv

338 1078 468 1142 litterae
492 1076 634 1159 scriptae
657 1081 798 1140 exstant.

427 1181 533 1257 Quam
570 1176 839 1260 orthographiam
877 1195 895 1240 0
933 1176 1200 1242 constantissimo
1244 1174 1401 1257 quodam,
1443 1176 1473 1240 si

344 1283 417 1365 quis
436 1287 606 1366 proponat,
630 1280 837 1345 librariorum
849 1279 1008 1344 Italorum
1022 1277 1278 1344 transformandi
1301 1278 1409 1344 studio
1429 1277 1474 1342 ad

309 1441 310 1444 ,
340 1404 421 1450 suae
444 1384 564 1450 aetatis
587 1381 753 1449 scribendi
776 1381 1048 1449 consuetudinem·
1067 1403 1134 1447 non
1155 1377 1379 1464 repetendam,
1411 1380 1473 1446 sed

272 1534 275 1539 -
339 1487 383 1551 ad
403 1487 511 1570 ipsum
534 1485 793 1551 vetustissimum
816 1484 936 1549 librum
959 1484 1164 1549 referendam
1189 1503 1261 1550 csse
1283 1485 1315 1548 ci
1338 1503 1472 1550 consen-

339 1596 472 1655 taneum
505 1588 579 1667 erit,
612 1587 669 1670 qui
703 1586 926 1652 considerabit
956 1588 991 1652 in
1027 1587 1080 1654 his
1110 1587 1317 1670 potissimum
1346 1585 1471 1651 verbis:

267 1713 269 1720 '
341 1691 419 1774 volt,
441 1691 558 1769 voltus,
581 1690 707 1772 volgus,
730 1690 849 1758 volnus
872 1690 967 1756 simil.
991 1689 1174 1755 scribendis
1203 1690 1256 1754 vel
1278 1689 1471 1773 posterioris

340 1795 459 1860 aetatis
485 1793 637 1858 librarios
667 1793 895 1857 recordatione
924 1793 1100 1858 vetustatis
1122 1799 1294 1874 permotos,
1324 1790 1471 1876 priscam

340 1895 507 1964 scribendi
528 1917 676 1960 normam
699 1895 964 1978 frequentissime
986 1913 1162 1960 renovasse
1175 1901 1221 1972 ¹).·

306 2005 308 2008 ’
425 2001 516 2077 Quae
539 2019 612 2063 cum
634 2019 676 2063 ne
690 1999 852 2080 singulari
865 1997 996 2080 quidem
1009 1998 1315 2062 membranarumN
1336 1997 1472 2077 AFDV

339 2102 487 2186 exemplo
528 2102 687 2180 1111110101,
726 2101 755 2166 si
787 2101 1054 2184 orthographiam
1083 2101 1193 2185 potius
1223 2099 1266 2164 ad
1296 2101 1470 2184 archetypi

338 2205 564 2285 traditionem,
598 2224 695 2285 quam
711 2202 768 2266 -ad
797 2204 1032 2286 Propertianae
1071 2203 1191 2268 aetatis
1234 2193 1469 2286 propri-etatem

337 2327 492 2374 revocare
515 2306 682 2389 volumus,
714 2325 787 2371 curn
803 2306 1012 2372 Baehrensio
1042 2306 1163 2388 ubique
1193 2304 1394 2370 redeundum
1417 2314 1470 2371 est

339 2410 383 2476 ad
405 2409 571 2476 scribendi
593 2410 753 2474 rationem
775 2410 1001 2490 Lachmanno,
1023 2409 1157 2491 Jacobo,
1181 2408 1299 2486 Keilio,
1321 2409 1468 2491 Hauptio

338 2515 530 2598 probatam:
552 2511 671 2590 vultus,
695 2513 822 2593 vulgus,
841 2512 996 2594 vulgaris.
1019 2513 1138 2577 vulnus
1161 2531 1188 2576 c.
1211 2531 1275 2575 cas.
1299 2547 1340 2558 -

350 2627 353 2632 “
426 2617 549 2682 Contra
571 2634 750 2699 pronomen
781 2634 869 2696 poss,
892 2614 934 2678 ΙΙ.
956 2634 1083 2697 person.
1111 2614 1147 2678 in
1170 2613 1348 2696 archetypo
1372 2613 1472 2696 scrip-

339 2726 412 2784 tura
436 2719 572 2800 antiqua
602 2737 660 2800 per
682 2737 700 2782 o
724 2736 782 2800 pro
806 2737 824 2781 e
847 2725 1016 2782 exaratum
1047 2695 1165 2795 fuisse,
1196 2716 1345 2799 quamvis
1375 2715 1470 2780 nulla
1525 2772 1529 2776 .

337 2822 373 2886 in
396 2820 562 2886 codicibus
577 2820 674 2885 huius
693 2819 950 2902 orthographiae
963 2821 1093 2901 integra
1109 2820 1260 2903 exempla
1276 2819 1469 2896 invenerim,

342 2930 452 2988 tamen
483 2943 523 2988 ex
557 2921 765 3004 gravissimis
800 2923 952 3005 vestigiis
985 2923 1092 2987 conici
1121 2924 1207 2988 licet.
1258 2922 1355 2987 Locis
1378 2922 1470 2986 enim

305 3101 306 3104 Ἴ
341 3027 431 3092 hisce
454 3025 616 3108 imprimis
640 3024 763 3090 codicis
786 3026 828 3090 F:
1114 3100 1123 3113 s

383 3128 506 3194 nostris
531 3133 556 3209 1,
581 3133 609 3206 5,
632 3132 660 3203 9,
684 3133 702 3192 11
724 3128 811 3193 votis
831 3129 906 3200 Nm.
930 3133 957 3192 2.
981 3149 1059 3194 corr.
1083 3129 1201 3193 vestris
1223 3128 1349 3206 Raehr,
1379 3127 1469 3192 votis

543 3231 578 3293 L.
601 3230 642 3293 M.

381 3333 503 3398 nostris
528 3337 554 3410 l,
580 3335 628 3409 18,
652 3336 692 3395 21
714 3332 814 3397 AFV
837 3354 878 3396 111.
901 3339 928 3398 2.

380 3443 493 3502 nostra
524 3441 552 3516 3,
575 3440 626 3513 25,
649 3441 690 3500 40
713 3437 774 3500 NF

381 3546 492 3605 noster
523 3543 550 3618 3,
574 3544 624 3618 34,
648 3543 687 3603 30
711 3539 775 3603 DF
798 3540 914 3605 Bachr.
937 3548 1046 3606 vester
1067 3542 1134 3606 VN
1156 3542 1231 3606 Luc.
1254 3539 1378 3604 Miller.

408 3764 425 3826 ¹)
445 3759 487 3814 cf.
508 3758 694 3823 Schuchardt,
712 3759 730 3812 l.
749 3760 768 3812 l.
786 3760 824 3828 II,
842 3778 889 3830 pg.
909 3764 969 3814 179:
994 3760 1044 3814 Bis
1067 3761 1095 3813 in
1115 3761 1161 3814 die
1179 3750 1306 3829 spiiteste
1326 3760 1388 3814 Zeit
1406 3777 1468 3814 war

332 3848 384 3901 dic
398 3846 490 3900 Scheu
508 3861 560 3897 vor
579 3844 629 3898 der
641 3844 900 3916 Lautverbindung
917 3863 953 3900 vo
974 3846 1042 3900 oder
1060 3863 1097 3900 uo
1110 3845 1243 3916 lebendig
1255 3850 1339 3910 (succ,
1358 3862 1470 3913 servoS,

332 3932 466 4002 captiuos
486 3949 512 3983 u.
531 3947 553 3982 s.
578 3947 610 3982 w.
637 3931 699 3984 sind
723 3931 752 3984 in
776 3931 870 3985 Kodd.
893 3932 972 3986 nicht
995 3938 1067 3986 etwa
1089 3932 1168 3986 bloss
1191 3931 1371 3985 archaischcr
1395 3932 1467 3986 oder

332 4016 508 4071 klassisoher
521 4015 722 4070 Schriftwerke
741 4017 806 4070 sehr
825 4017 943 4087 htiufig),
964 4018 1121 4072 besonders
1139 4017 1366 4087 bei-folgendem
1383 4018 1465 4071 kom-

339 4103 471 4174 plizirten
483 4102 660 4170 L.-Formen,
679 4102 729 4156 wie
742 4104 812 4168 volt,
831 4105 933 4168 voltus,
945 4103 1176 4174 volgu3,·volpoS‚
1188 4103 1341 4178 Volcanus,
1353 4104 1465 4171 volnuS,

331 4190 445 4253 ovolsa,
463 4187 605 4254 VolcienS,
622 4187 723 4252 voltur,
743 4188 901 4242 Volturnus
918 4188 1014 4243 finden
1031 4189 1092 4243 sich
1103 4188 1182 4242 nicht
1192 4207 1245 4242 nur
1263 4189 1291 4241 in
1305 4189 1355 4243 der
1368 4195 1465 4244 ersten

332 4274 507 4338 liaiserzeit,
525 4273 650 4327 sondern
668 4274 740 4328 auch
759 4277 857 4343 spiiter
875 4281 935 4330 etc.
