3275 4984
718 1279 784 1351 ΙΠ.

333 1452 586 1530 Quaestiones
611 1453 821 1524 nonnullae
847 1453 1170 1544 orthographicae.

468 1600 574 1655 Verum
592 1601 795 1672 orthographia
814 1619 927 1671 quoque
946 1601 1143 1654 consuetudini
1161 1601 1257 1669 servit,

473 1688 594 1757 ideoque
613 1704 699 1757 saepe
718 1694 828 1740 mutata
847 1694 898 1740 est.
934 1686 1052 1751 Quintil.
1069 1687 1092 1755 l,
1110 1691 1134 1753 l,
1154 1690 1192 1738 14.

275 1924 411 1989 Carolus
433 1926 624 1989 Lachmann
647 1943 721 1989 cum
751 1925 786 1989 in
808 1925 971 2008 Propertii
1003 1924 1147 1989 editione
1177 1945 1203 1989 a.
1232 1929 1313 1991 1816

183 2047 215 2109 p.
253 2033 271 2090 5
300 2034 527 2110 praemoneat,
572 2027 732 2092 rationem
765 2027 931 2092 scribendi
961 2026 1004 2090 ad
1035 2047 1156 2092 morem
1188 2027 1313 2092 saeculi

184 2130 336 2212 Augusti,
359 2137 516 2210 quantum
539 2129 609 2194 fieri
631 2130 772 2213 potuerit
799 2137 856 2194 aut
886 2129 1046 2210 debuerit,
1079 2149 1114 2196 se
1137 2149 1314 2194 accommo-

183 2230 340 2312 davisse,
373 2232 555 2297 luculenter
577 2232 760 2314 profitetur,
795 2233 824 2297 si
846 2233 920 2315 quis
950 2240 1093 2296 veterum
1118 2233 1312 2314 scriptorum

183 2354 285 2416 opera
308 2333 350 2398 ad
369 2334 626 2399 sincerissimam
656 2335 812 2400 librorum
844 2355 920 2400 mss.
949 2333 1046 2399 fidem
1075 2353 1310 2415 recognoscere

183 2435 275 2517 velit,
298 2437 329 2501 ei
352 2437 496 2518 ipsorum
520 2436 712 2520 scriptorum
736 2436 793 2512 vel
811 2456 922 2502 eorum
945 2438 1065 2502 aetatis
1090 2436 1313 2519 orthographi-

183 2557 259 2602 cum
296 2559 399 2621 genus
437 2539 527 2604 nullo
564 2538 660 2603 modo
701 2558 773 2604 esse
810 2540 1037 2622 spernendum.
1091 2541 1196 2618 Quam
1233 2539 1313 2604 artis

184 2642 324 2706 criticae
346 2661 457 2706 curam
487 2649 523 2704 ut
549 2642 602 2706 vel
633 2643 775 2706 maxime
806 2642 964 2721 adversus
986 2644 1229 2725 neglegentiam
1251 2641 1316 2706 edi·

185 2750 306 2822 torum,
329 2744 385 2825 qui
408 2744 438 2808 ei
461 2751 719 2817 antecesserant,
742 2744 915 2828 impendit,
939 2746 988 2810 ita
1010 2746 1044 2809 in
1066 2747 1255 2810 universum
1278 2743 1315 2808 id

186 2845 366 2924 contendit,
410 2853 446 2910 ut
481 2852 550 2912 tota
587 2846 752 2912 scribendi
787 2848 871 2912 ratic
909 2848 1116 2912 librariorum
1151 2847 1314 2929 imprimis

187 2947 292 3012 medii
314 2948 389 3013 aevi
411 2949 545 3014 licentia
568 2956 666 3031 atque
688 2950 871 3014 temeritate
902 2951 1097 3032 gravissime
1124 2949 1315 3032 perturbata

185 3051 232 3116 ad
266 3051 438 3135 pristinam
473 3052 697 3117 restitueretur
719 3052 942 3134 integritatem
958 3057 987 3130 ¹).
1034 3053 1105 3130 Qua
1128 3052 1163 3115 in
1194 3062 1229 3114 re
1259 3051 1312 3115 cui

186 3154 291 3218 errori
320 3154 372 3218 vel
402 3154 535 3219 criticus
575 3153 631 3218 ille
664 3155 968 3236 praestantissimus
1002 3155 1100 3220 latius
1131 3153 1314 3230 indulserit,

186 3254 333 3321 dilucide
376 3257 526 3339 exposuit
560 3257 814 3336 Brambachius,
859 3258 922 3323 Die
956 3257 1220 3340 Neogestaltung
1255 3256 1313 3320 der

184 3357 407 3423 lateinischen
431 3357 671 3442 Orthographie
693 3360 727 3424 in
750 3361 853 3424 ihrem
878 3360 1082 3426 Verbaltniss
1105 3381 1162 3424 zur
1184 3359 1313 3441 Subulo,

256 3580 275 3649 ¹)
296 3578 340 3634 Cf.
362 3579 400 3632 M.
421 3579 522 3654 Hertz,
549 3579 636 3647 „Karl
659 3579 848 3644 Lachmann‚“
875 3579 972 3634 Berlin
997 3584 1070 3644 1851,
1097 3598 1144 3650 pg.
1170 3584 1215 3632 19:
1251 3579 1312 3632 Das

162 3653 282 3719 'wollte
306 3681 336 3719 er
358 3665 387 3718 in
413 3665 562 3719 derselben
586 3665 865 3735 (Properzausgabe)
888 3666 1002 3730 leisten,
1025 3684 1082 3719 was
1105 3666 1160 3719 alle
1184 3665 1314 3718 Kritiker

184 3750 344 3815 erstreben‚
362 3751 469 3822 wenige
488 3751 641 3816 erreicheu,
666 3751 720 3804 den
743 3751 870 3822 Properz
895 3752 955 3804 sich
978 3752 1067 3805 selbst
1089 3769 1122 3805 so
1140 3750 1254 3804 ahnlich
1272 3750 1314 3804 ale

184 3836 311 3906 meglich
328 3855 364 3889 zu
382 3837 533 3906 gestalteu‚
551 3837 643 3889 iudom
662 3854 692 3890 er
711 3837 800 3891 durch
818 3837 987 3908 sergfdltige
1004 3837 1107 3891 Arbeit
1129 3837 1184 3890 den
1207 3853 1315 3907 ganzen

186 3921 262 3975 Text
288 3923 360 3975 nach
388 3921 438 3975 der
464 3922 614 3975 Autoritiit
641 3923 691 3975 der
717 3922 819 3977 besten
840 3922 1065 3976 Handschriften
1090 3924 1141 3976 der
1165 3922 1316 3975 Wahrheit

182 4007 252 4062 oder
270 4007 343 4061 doch
360 4007 409 4061 der
428 4007 732 4062 Wahrseheiuliohkcit
754 4010 866 4078 gemass
895 4007 1055 4078 gestaltete.
1076 4039 1109 4048 -
1136 4008 1314 4072 Lachmann,

184 4094 360 4163 „Ausgaben
383 4093 469 4146 klass.
489 4092 692 4148 Schriftsteller
710 4094 777 4146 dari
788 4095 871 4162 jeder
887 4094 1104 4148 nachdrucken“
1123 4093 1219 4146 Berlin
1234 4096 1313 4161 18413

183 4197 225 4248 pg
253 4183 290 4233 ll.
327 4179 398 4246 „Die
427 4178 561 4248 Aufgabe
589 4178 639 4231 des
665 4179 882 4249 Herausgebers
908 4180 1023 4234 hesteht
1049 4180 1142 4248 darin,
1169 4179 1234 4233 dass
1262 4178 1313 4231 das

184 4266 401 4335 urspriingliche
423 4264 511 4318 Werk
529 4265 578 4318 des
597 4263 760 4318 Verfassers
779 4266 937 4334 moglichst,
962 4282 993 4319 so
1017 4265 1068 4330 wie
1093 4283 1123 4320 er
1142 4283 1171 4318 es
1190 4265 1314 4318 versesst
1384 4304 1388 4308 -

184 4351 243 4417 hat,
261 4350 427 4420 hergestellt
445 4350 562 4403 werde.“
