3275 4984
737 409 946 470 ..62-

274 573 450 640 Frontonis
473 574 715 654 11111111111),
739 594 802 657 quo
832 576 957 657 passim
980 569 1265 652 redintegrabatur
1290 563 1411 648 prisca

273 675 440 741 scribendi
463 676 679 758 consuetudo,
711 677 830 742 librum
853 676 967 754 etiam,
996 695 1036 739 en
1059 693 1121 757 quo
1144 669 1248 736 nostri
1270 665 1412 732 codices

241 811 243 816 s
273 777 448 856 derivandi
478 787 568 858 sunt,
605 779 648 845 ad
678 781 891 846 uetustiorem
918 775 1186 861 orthographiam
1214 775 1412 837 revocatum

274 901 348 947 esse
356 885 391 960 2).

360 987 535 1051 Praeterea
557 985 772 1051 omittendum
796 1005 863 1050 non
883 983 1021 1060 uidetur,
1053 979 1140 1064 quod
1163 977 1308 1044 omnium
1330 975 1414 1038 Pro·

274 1088 497 1169 pertianorum
520 1088 677 1155 librorum
700 1108 777 1154 mss.
790 1087 987 1153 auctoritate
1009 1084 1126 1149 nititur
1148 1081 1310 1163 scriptura
1333 1094 1401 1140 con

274 1189 479 1256 stantissime
502 1189 674 1275 adoptata:
698 1189 875 1258 iocundus:

426 1293 578 1360 iocundis
647 1301 673 1374 1,
718 1299 747 1373 2,
771 1299 811 1358 29

492 1401 748 1477 ,,1,,3
772 1402 812 1460 45

428 1497 572 1563 iocunda
649 1403 749 1580 116
796 1502 810 1560 1

495 1647 511 1679 2,
651 1606 749 1680 1,1,

702 1707 715 1765 1

701 1808 748 1881 12

961 1444 1052 1525 Keil,

897 1549 931 1622 L
954 1546 1052 1626 Muli,
1075 1545 1192 1609 Baehr.

897 1647 1057 1728 (iucund.:
1080 1645 1265 1729 Hauptiusl.
1367 1735 1372 1743 ,

427 1700 592 1767 iocundae
649 1708 675 1782 1,
720 1707 748 1782 9,
773 1709 812 1867 17

429 1803 607 1868 iocundum
647 1808 738 1880 3,2

322 1927 354 1986 11
441 1923 634 2004 rut,unda5
659 1928 687 1998 7,
715 1927 752 1988 61
738 1923 814 1990 1L
838 1851 878 1986 M.
901 1921 1099 1985 Baehrex:
1128 1907 1417 1982 utundaNDV

481 2024 639 2090 rotunda:
661 2024 798 2105 Keilius⁷
821 2023 994 2106 Hauptius.

281 2123 386 2202 Quam
416 2127 585 2208 utriusque
616 2126 770 2192 vocabuli
792 2124 1060 2208 orthographiam
1090 2127 1254 2187 nontam
1284 2114 1414 2180 rustieo

163 2268 164 2279 1
279 2228 495 2310 posteriorum
525 2237 706 2313 temporum
736 2230 892 2310 sermoni,
927 2248 1025 2310 quam
1056 2225 1123 2309 ipsi
1152 2240 1273 2288 aureae
1306 2215 1416 2282 aetati

281 2330 488 2394 tribuendam
507 2351 579 2398 esse
595 2332 725 2398 collatis
741 2351 814 2396 cum
830 2330 1004 2412 diligentia
1017 2325 1254 2393 vetustissimis
1272 2321 1415 2400 linguae

278 2434 499 2500 monumentis
521 2434 574 2516 (11,
605 2455 682 2517 pgg.
714 2441 791 2508 141,
823 2439 891 2507 179,
925 2437 998 2512 133)
1028 2425 1269 2496 Schuchardtio
1300 2422 1413 2487 uisum

280 2542 330 2600 est
352 2536 376 2614 1,
401 2541 459 2601 39:
484 2537 633 2613 Formen
656 2537 720 2601 wie
734 2536 902 2616 rutundus,
924 2536 1062 2615 lucusta,
1084 2529 1256 2607 iocundus,
1280 2523 1357 2592 sind
1375 2542 1413 2588 so

280 2643 338 2718 gut
365 2638 516 2720 bezeugt,
547 2638 624 2704 dass
655 2639 708 2712 ioh
740 2639 828 2703 mich
856 2638 985 2704 schwer
1013 2633 1194 2701 uberreden
1222 2631 1333 2700 kann,
1362 2625 1416 2691 sic

281 2740 372 2804 seien
400 2740 489 2806 bloss
516 2741 624 2807 rustik
652 2759 812 2822 genesen.
856 2739 933 2806 Und
961 2739 1083 2821 gewiss
1114 2734 1296 2801 verdienen
1324 2728 1417 2793 noch

282 2842 358 2906 sehr
380 2843 466 2907 viele
489 2844 759 2924 Schneibvveisen,
779 2832 916 2908 'welche
938 2841 992 2906 bei
1013 2861 1076 2906 uns
1098 2835 1304 2905 sanktionirt
1327 2827 1416 2909 sind,

280 2943 315 3007 in
338 2945 462 3009 Betreff
481 2945 568 3010 ihrer
590 2946 785 3012 Klassizit'at
808 2945 882 3009 eine
903 2943 1050 3024 Prbtung
1072 2936 1371 3005 durohnumachen.

193 3049 194 3054 ’
368 3047 430 3113 eui
452 3054 563 3112 tamen
582 3049 765 3113 sententiae
780 3049 808 3113 si
825 3047 1039 3112 obiecerimus
1053 3041 1143 3108 haud
1158 3059 1267 3125 pauca
1282 3033 1417 3103 vilioris

282 3149 404 3231 Vergil.
431 3149 555 3214 codicis
579 3152 672 3214 Bern.
701 3151 753 3228 (cs.
775 3150 933 3214 Ribbeck.
962 3148 1108 3231 prolegg.
1139 3143 1207 3210 ind.
1238 3144 1419 3224 grammat.

282 3269 335 3333 pg.
358 3255 419 3316 437
449 3251 573 3316 adnot:
604 3251 763 3317 iucundus
794 3271 819 3316 c.
843 3253 922 3316 Aen.
944 3251 989 3315 VI
1017 3254 1078 3314 363
1109 3255 1141 3312 11
1170 3245 1307 3328 saepius
1342 3240 1419 3306 sine

284 3351 397 3431 dubio)
429 3352 675 3419 considerantes
713 3353 798 3418 nihil
827 3354 897 3419 eius
927 3351 1018 3416 modi
1047 3349 1180 3416 omnino
1209 3353 1344 3411 exstare
1382 3341 1419 3405 in

355 3607 376 3672 ¹)
396 3603 629 3676 cf.Ve1.L0ng.
648 3607 664 3659 l.
684 3605 702 3658 l.
721 3605 784 3670 VH,
804 3612 846 3674 50,
864 3612 894 3675 53
912 3605 1088 3668 Brambach‚
1106 3621 1153 3674 pg.
1175 3606 1232 3655 109.

352 3689 375 3759 2)
396 3691 478 3754 Quod
497 3707 561 3743 cum
577 3691 648 3744 Luc.
667 3690 818 3760 Mueller0‚
844 3691 932 3760 praef.
955 3691 993 3744 ad
1010 3690 1112 3745 Catull.
1138 3705 1186 3758 pg.
1205 3685 1279 3752 XII,
1304 3697 1420 3736 summa

287 3791 351 3828 eum
369 3775 573 3844 probabilitate
591 3775 682 3828 uisum
700 3776 737 3828 sit
756 3777 790 3830 de
804 3776 909 3829 Catulli
921 3776 1113 3830 vetustissimo
1132 3774 1214 3837 libro,
1233 3770 1301 3824 inde
1314 3772 1421 3822 nostra

287 3859 323 3912 de
337 3860 478 3929 Propertii
496 3859 651 3930 archetypo
670 3861 841 3928 coniectura,
859 3878 923 3914 oum
939 3853 1029 3914 fuerit
1047 3859 1173 3913 eiusdem
1191 3855 1307 3927 generis
1320 3849 1422 3923 poesis

287 3944 432 3998 studiosus
463 3950 622 4014 poetaeque
649 3945 819 3999 Veronensis
852 3947 912 4000 fere
945 3945 1072 4015 aequalis
1103 3944 1225 3997 multum
1257 3935 1423 3994 adiumenti

203 4059 206 4064 ,
288 4029 474 4094 nanciscitur,
495 4029 662 4098 praesertim
686 4047 747 4083 oum
767 4031 876 4085 codices
895 4032 999 4086 Catulli
1024 4031 1149 4084 eiusdem
1174 4028 1236 4081 fere
1261 4024 1370 4080 aetatis
1391 4028 1424 4076 et

290 4114 462 4167 condicionis
489 4131 522 4167 ac
549 4114 692 4184 Propertii
719 4116 775 4168 sint
802 4122 903 4185 atque,
929 4116 954 4169 11
981 4115 1115 4185 Hauptii‚
1148 4113 1282 4177 Quaestt.
1311 4109 1421 4164 Catuli.

290 4217 337 4268 pg.
355 4199 419 4266 VII,
437 4198 628 4252 coniecturam
645 4199 795 4268 sequimur,
814 4199 917 4253 Catulli
935 4200 1043 4254 Tibulli
1055 4198 1200 4269 Propertii
1219 4195 1350 4250 earmina
1369 4193 1423 4246 illo

289 4284 408 4354 antiquo
428 4283 524 4337 codice
542 4301 599 4337 una
618 4283 819 4353 comprehensa
837 4285 924 4339 fuisse
943 4286 1002 4339 veri
1021 4302 1078 4339 non
1096 4283 1233 4338 dissimile
1252 4282 1299 4335 sit.
