3275 4984
793 389 1066 481 -74-.

419 554 619 619 eriniens
643 555 671 627 3,
695 556 743 632 20,
767 557 806 618 29
829 553 856 616 F
879 553 934 618 alt.
947 573 969 616 n
986 562 1164 636 supponet,
1186 555 1306 621 erinies
1321 557 1352 620 N
1365 556 1458 640 hery-

333 655 427 722 nidos
450 657 479 720 D
503 655 657 740 erynides
680 655 716 732 V,
739 655 879 739 Erinyes
901 657 935 719 L.
958 656 1008 734 M,
1031 657 1146 721 Baehr.

357 770 358 773 ¹
418 759 644 824 inmittens
669 763 706 854 4,
739 763 793 837 15,
826 763 864 821 14
891 759 922 822 11
948 746 1128 825 immittens
1154 760 1181 823 1
1207 760 1316 825 imitas
1346 760 1374 825 V
1402 761 1460 825 im-

333 861 428 927 mites
451 862 489 925 D.

417 965 493 1030 Luc.
523 964 627 1028 Moll.:
666 963 843 1046 molliaque
876 964 1046 1031 inmittens
1080 965 1152 1030 fixit
1181 966 1216 1030 in
1247 985 1305 1029 ora
1331 985 1458 1033 manus.

417 1068 545 1132 Baehr.:
569 1067 746 1150 molliaque
767 1067 901 1132 inmites
924 1073 984 1131 etc.
1088 1058 1091 1067 '

418 1170 571 1235 titiens
602 1175 633 1250 5,
666 1175 698 1246 t,
729 1175 765 1235 31
799 1171 831 1234 N
861 1169 979 1236 ticiens
1008 1171 1037 1235 V
1068 1170 1186 1235 tioiens
1215 1171 1242 1234 F
1270 1171 1396 1236 taciens
1426 1168 1457 1234 D

328 1271 475 1338 ’Τ1116116ε
498 1291 611 1337 omnes
633 1279 752 1337 recent.
775 1271 917 1339 editores
938 1280 1068 1356 praetor
1089 1273 1352 1340 Lachmannum:

333 1375 418 1438 Hinc
441 1375 568 1440 Titiens
591 1377 800 1456 Ramnesque
820 1375 885 1440 viri
907 1377 1111 1457 Luceresque
1134 1375 1252 1439 coloni.

334 1477 381 1542 cf.
403 1479 515 1558 Varro,
538 1479 572 1540 L.
594 1479 629 1542 L.
653 1483 680 1563 5,
703 1483 730 1558 9,
754 1483 802 1542 55.
826 1515 859 1524 -
880 1478 1013 1543 Lachm.
1038 1497 1151 1542 comm.
1168 1479 1292 1541 Lucret.
1314 1496 1368 1559 pg.
1392 1481 1478 1542 280·

333 1580 376 1644 ad
398 1582 601 1646 Termenscs.

418 1683 524 1766 Atque
555 1683 616 1747 hoo
645 1681 775 1764 quidem
801 1683 869 1747 iarn
900 1690 1050 1748 constare
1076 1689 1172 1765 puto,
1199 1682 1227 1747 si
1250 1682 1323 1763 quis
1346 1682 1457 1746 omnia

334 1792 491 1867 quotquot
533 1785 630 1850 huius
671 1785 801 1867 generis
841 1793 973 1850 exstant
1007 1785 1308 1867 antiquissimorum
1336 1784 1459 1866 Vergil.

335 1887 483 1952 codicum
506 1888 655 1970 exempla
674 1887 939 1966 consideraverit,
963 1887 994 1951 61
1009 1896 1096 1952 66116
1110 1908 1176 1953 non
1190 1888 1335 1955 alienum
1349 1887 1457 1952 visum

332 1991 376 2055 iri
399 2011 418 2055 a
440 1991 594 2069 veritate,
625 2009 665 2054 ex
687 1991 759 2074 ipso
782 1986 1005 2056 vetustissimo
1028 1991 1241 2074 Propertiano
1273 1988 1385 2054 codice
1414 1991 1456 2054 ab

337 2093 431 2158 italis
454 2093 598 2158 librariis
621 2092 737 2157 relicta
764 2113 836 2158 csse
862 2093 937 2171 illa,
968 2113 1052 2175 quae
1080 2092 1177 2159 modo
1208 2093 1458 2176 composuimus,
1503 2094 1505 2098 ’

332 2195 557 2261 insolentioris
581 2195 834 2279 orthographiae
856 2196 1014 2279 exempla.

418 2299 511 2380 Hinc,
534 2261 689 2381 qnonibm
702 2298 855 2363 instituta
869 2304 919 2364 661
933 2299 1081 2379 quaestio
1097 2297 1138 2362 de
1152 2297 1263 2363 littera
1276 2318 1308 2373 n,
1331 2304 1456 2362 1161166·

335 2421 426 2466 amus
450 2400 492 2466 ad
516 2421 587 2466 earn
610 2409 641 2464 et
662 2400 897 2490 pronuntiandi
920 2408 952 2465 61
980 2400 1145 2466 scribendi
1175 2400 1352 2476 rationem,
1383 2420 1459 2481 qua,

335 2505 364 2569 61
394 2503 525 2569 litterae
556 2524 611 2568 mn
641 2510 837 2590 congruunt,
867 2524 889 2567 n
920 2523 1097 2569 consonam
1128 2503 1275 2586 saepius,
1311 2523 1392 2569 sane
1420 2510 1458 2567 ut

333 2607 594 2689 pronuntiationi
617 2607 836 2679 subveniatur,
860 2605 975 2671 elisam
997 2605 1154 2671 videmus.

421 2709 527 2786 Quam
550 2703 817 2792 orthographiam
847 2708 911 2791 ipsi
942 2708 1132 2790 antiquitati
1155 2707 1361 2795 tribuendam
1384 2725 1457 2779 esse

334 2812 550 2892 Ritsohelius,
581 2831 661 2876 mus.
683 2811 785 2876 Rhen.
813 2818 889 2876 tom.
912 2811 991 2893 XIl,
1020 2811 1264 2893 „Plautinische
1285 2811 1457 2889 Excurse,“

331 2934 407 2998 pgg.
432 2921 500 2994 111,
527 2919 585 2978 115
601 2914 650 2978 ita
665 2914 823 2997 exposuit,
844 2921 880 2979 ut
895 2921 1061 2988 statueret,
1083 2915 1221 2979 formam
1238 2913 1455 2978 Clutemestra

334 3018 505 3100 scripsisse
527 3017 657 3083 Livium
680 3016 911 3098 Andronicum,
938 3017 1172 3082 Oloetemestra
1194 3017 1328 3094 Attium,
1352 3016 1457 3099 Clyte-

334 3128 456 3185 mostra
466 3119 491 3205 1)
514 3119 705 3195 Ausonium,
726 3139 824 3200 quarn
847 3119 1042 3184 sententiam
1065 3120 1229 3184 recensuit
1246 3117 1457 3199 Ribbeokius‚

333 3222 536 3288 Fleckeisen.
560 3222 667 3286 annal.
691 3229 766 3286 tom.
789 3222 954 3298 Lxxvn,
977 3221 1128 3287 Bitschl's
1142 3221 1376 3302 Forschungen
1399 3241 1456 3285 zur

210 3397 216 3406 ,
280 3377 281 3382 ,
333 3325 388 3390 161.
413 3324 737 3407 Spraohgeschichte,
759 3344 811 3408 pg.
838 3329 906 3390 195.
950 3325 1031 3389 Cum
1054 3343 1129 3389 vero
1153 3324 1224 3407 ipse
1246 3323 1456 3400 Ritschelius,

334 3427 549 3509 gravissimus
583 3427 759 3494 latinitatis
794 3427 1024 3510 investigator,
1056 3426 1076 3490 l.
1107 3427 1125 3489 l.
1151 3445 1204 3509 pg.
1237 3431 1292 3489 111
1326 3424 1455 3491 dicens:

335 3531 427 3594 Auch
457 3530 543 3594 heim
575 3537 688 3594 auctor
718 3529 760 3594 ad
789 3531 989 3594 Herennium
1025 3535 1055 3608 1,
1089 3534 1141 3610 16,
1174 3533 1214 3593 26
1245 3527 1350 3609 geben
1379 3534 1457 3609 gnte

333 3633 461 3696 Bltchcr
484 3632 750 3716 Clytemestram,
782 3632 850 3697 und
881 3631 1049 3696 vielleicht
1077 3630 1162 3697 noch
1190 3637 1281 3696 sonst
1312 3631 1365 3695 hie
1387 3629 1456 3695 und

334 3735 385 3810 da,
408 3754 505 3799 wenn
528 3755 605 3799 man
628 3742 693 3800 6161
716 3734 838 3799 darauf
855 3735 973 3798 achten
996 3733 1089 3817 vvird,
1122 3732 1349 3798 commendare
1370 3732 1458 3798 vide-

334 3846 423 3912 atur,
471 3845 506 3901 nt
541 3835 701 3902 eiusmodi
748 3838 943 3921 scripturae,
985 3837 1169 3917 ubicunque
1214 3836 1249 3899 in
1286 3835 1455 3900 codicibus

404 4006 423 4076 ¹)
445 4005 488 4060 Cf.
513 4006 643 4061 Graecae
665 4006 780 4076 linguae
809 4011 962 4074 utramque
987 4004 1122 4058 usitatam
1149 4004 1291 4058 scribendi
1316 4003 1456 4057 rationem

334 4083 516 4163 Πολυμήστωρ
530 4099 558 4146 61
568 4093 766 4163 Πολυμνήστωρ
774 4111 780 4144 :
787 4091 922 4158 Lobeck,
930 4090 1112 4160 pathologiae
1122 4090 1218 4160 graeci
1227 4107 1309 4143 661111.
1318 4090 1456 4159 prolegg,

333 4197 378 4248 pg.
401 4182 448 4232 168
468 4196 501 4247 sq
527 4209 559 4216 -
579 4178 732 4232 Praeterea
755 4177 788 4232 cf.
808 4177 999 4241 Fleckeisen,
1023 4182 1055 4230 59
1073 4176 1185 4230 Artikel
1208 4181 1274 4244 etc,
1296 4193 1343 4245 pg.
1363 4178 1402 4228 13.
1420 4205 1455 4213 -

335 4263 489 4328 Corssen.²,
509 4263 531 4327 I,
549 4281 595 4333 pg.
614 4267 672 4316 259.
690 4295 722 4302 -
