3275 4984
782 442 994 502 ...42-

323 613 482 696 graphica
508 631 543 675 re
566 610 678 676 variae
700 608 859 674 lectiones
881 628 948 672 una
978 627 1050 672 cum
1073 609 1103 672 N
1126 605 1196 672 cod.
1224 627 1448 673 summarum

322 715 497 797 diligentia
520 713 676 777 collectae
698 712 733 776 in
758 711 828 775 eius
851 709 996 774 editione
1018 702 1221 774 exhibentur.

408 817 452 880 Hi
470 835 548 881 vero
561 813 691 879 codices
706 831 826 893 omnes,
850 813 906 894 qui
928 813 1013 877 sicut
1035 813 1118 876 liber
1131 813 1162 876 N
1181 818 1271 877 certa
1292 812 1449 895 temporis

322 926 401 985 nota
424 926 551 995 carent,
582 936 655 982 cum
686 917 753 981 sint
779 915 925 998 profecto
959 935 1025 979 una
1060 915 1128 980 fere
1159 913 1351 996 eademque,
1383 935 1449 996 qua

322 1021 575 1104 Neapolitanus,
599 1026 707 1084 aetate
730 1018 859 1100 scripti,
881 1015 1103 1099 quidobstat,
1132 1018 1306 1099 quominus
1330 1036 1384 1082 cos
1406 1017 1449 1080 de

322 1123 436 1189 eodem
460 1124 559 1187 etiam
583 1123 761 1205 archetypo
786 1139 825 1184 ac
848 1120 966 1184 librum
980 1121 1018 1200 N,
1042 1140 1107 1184 non
1130 1121 1267 1184 alterum
1284 1141 1324 1184 ex
1346 1121 1450 1184 altero

323 1227 483 1308 originem
507 1224 642 1290 duxisse
666 1224 868 1306 suspicemur
879 1221 913 1307 ¹),
935 1223 1128 1305 praesertim
1143 1242 1216 1297 cum
1229 1230 1306 1287 ante
1329 1243 1450 1287 annum

323 1350 352 1412 p.
376 1329 448 1394 Chr.
478 1333 557 1393 1374
580 1326 669 1392 haud
698 1326 801 1391 sciam
825 1346 868 1390 an
896 1345 961 1390 non
994 1326 1176 1408 complures
1207 1326 1312 1390 nostri
1332 1332 1450 1408 poetae

322 1431 399 1496 libri
422 1452 521 1496 manu
545 1429 659 1512 scripti
681 1429 716 1492 in
740 1427 909 1493 doctorum
928 1428 1096 1492 hominum
1109 1428 1261 1493 manibus
1285 1429 1404 1492 fuerint
1415 1433 1450 1504 2).

409 1534 494 1598 Nam
517 1530 605 1614 quod
628 1531 796 1597 codicibus
819 1532 957 1596 AFVD
980 1550 1104 1613 magna
1125 1550 1202 1613 pars
1225 1538 1449 1614 corruptarum

321 1636 431 1720 potius
461 1656 559 1717 quam
588 1634 881 1717 interpolatorum,
913 1635 984 1697 aN
1008 1634 1090 1698 libro
1121 1653 1179 1698 ms.
1209 1633 1287 1697 licet
1316 1653 1451 1716 prorsus

325 1739 507 1803 alienarum
530 1738 707 1802 lectionum
730 1736 914 1811 exhibetur,
943 1734 979 1800 id
1001 1737 1090 1801 nullo
1122 1737 1204 1801 mihi
1226 1736 1355 1802 videtur
1377 1755 1451 1802 esse

393 1924 411 1992 1)
433 1923 496 1986 Qua
513 1923 543 1975 in
560 1939 592 1977 re
611 1940 673 1976 cum
698 1923 732 1976 de
751 1923 860 1993 origine
878 1922 1001 1976 APVD
1025 1923 1162 1976 librorum
1185 1940 1249 1976 mss.
1275 1914 1449 1976 Baehrensio

327 2010 465 2080 (prolegg.
478 2025 523 2078 pg.
534 2007 601 2078 VII)
622 2009 819 2076 assentiamur,
837 2008 921 2077 plane
939 2014 1034 2062 tamen
1046 2009 1199 2062 secundum
1211 2009 1330 2078 Hauptii
1343 2009 1449 2078 opuscl.

322 2096 405 2164 11‚52
423 2111 464 2164 sq.
484 2095 704 2164 disputationem
723 2101 751 2148 et
764 2094 834 2147 Luc.
845 2094 958 2148 Miilleri
970 2095 1061 2163 praef.
1079 2113 1125 2164 pg.
1139 2095 1168 2146 X
1179 2094 1449 2148 commendationem

323 2199 386 2235 cum
412 2182 505 2236 Fried.
532 2181 638 2250 Leone,
665 2199 735 2236 mus.
762 2181 852 2234 Rhcn.
875 2180 997 2245 XXXV,
1023 2199 1070 2251 pg.
1089 2185 1136 2233 441
1157 2199 1199 2250 sq.
1225 2181 1378 2234 refutanda
1405 2186 1450 2234 est

322 2267 488 2321 Baehrensii
506 2268 656 2335 sententia,
680 2266 817 2336 peculiari
841 2284 857 2320 e
880 2267 957 2321 docti
979 2267 1033 2320 viri
1056 2267 1179 2320 novandi
1203 2267 1297 2320 studio
1319 2267 1451 2336 profecta

322 2354 424 2408 librum
443 2353 469 2408 N
487 2353 689 2423 interpolatum
708 2353 894 2422 apographon
912 2370 974 2407 esse
993 2370 1026 2406 ex
1039 2352 1184 2407 codicibus
1201 2351 1328 2405 AFVD
1347 2357 1450 2415 ortum,

323 2439 451 2509 quamvis
469 2455 505 2492 ne
522 2439 588 2493 huic
607 2438 719 2508 quidem
737 2445 847 2492 tantam
866 2445 989 2493 aetatem
1007 2438 1164 2504 tribuerim,
1183 2444 1215 2492 ut
1233 2433 1335 2492 ce'teris
1353 2443 1449 2491 vetus-

323 2525 424 2579 tiorem
442 2541 506 2578 eum
525 2541 586 2578 esse
606 2525 765 2579 concedam.

391 2609 521 2664 Videnda
539 2617 582 2664 est
600 2609 781 2679 Hertabergii
801 2615 924 2680 quaestt.
944 2609 1029 2678 Prop.
1050 2610 1102 2676 HI,
1120 2627 1166 2679 pg.
1181 2614 1230 2664 233
1243 2610 1278 2664 de
1291 2610 1349 2663 suis
1368 2609 1450 2663 codd.

324 2695 480 2749 sententia:
510 2695 583 2749 Nam
602 2713 665 2748 cum
684 2696 764 2749 codd.
782 2713 847 2749 mss.
867 2696 987 2749 alterum
1011 2712 1044 2749 ex
1068 2696 1158 2749 altero
1175 2695 1290 2750 fluxisse
1309 2714 1345 2749 ne
1363 2696 1450 2750 semel

325 2779 438 2850 quidem
456 2781 549 2850 possis
567 2781 742 2835 confidenter
760 2781 912 2850 affirmare,
931 2798 1052 2852 cumque
1069 2782 1099 2834 in
1116 2788 1211 2836 certas
1230 2782 1312 2852 quasi
1329 2780 1451 2835 familias

324 2873 357 2920 et.
371 2871 465 2920 sectas
484 2865 636 2920 difficulter
654 2873 682 2920 ct
699 2883 763 2922 raro
782 2873 895 2920 tantum
918 2874 1027 2936 coeant,
1050 2873 1146 2922 tamen
1167 2868 1231 2938 ipsa
1252 2868 1323 2921 haec
1346 2869 1449 2921 discre-

326 2951 424 3021 pantia
442 2969 524 3006 suum
545 2952 633 3008 habet
651 2958 680 3006 et
697 2953 843 3022 proprium
863 2954 1046 3007 commodum.

392 3037 457 3092 Huc
475 3037 625 3092 referenda
647 3043 690 3092 est
711 3038 799 3103 „Eine
820 3039 1139 3108 Properahandschrift“
1158 3039 1320 3094 dissertatio
1332 3039 1450 3092 Henrioi

326 3122 457 3191 Schenkl,
477 3123 606 3193 (Wiener
625 3124 751 3189 Studien,
771 3129 795 3178 3.
813 3125 858 3177 Bd
887 3126 961 3195 1881)
981 3144 1008 3194 p.
1021 3130 1084 3178 160:
1102 3125 1163 3178 Leo
1181 3125 1231 3179 hat
1249 3126 1450 3194 iiberzeugend

325 3208 493 3278 dargethan,
512 3209 578 3262 dass
595 3209 652 3263 FV
670 3226 734 3262 von
753 3209 850 3263 Haus
868 3202 929 3262 aus
947 3211 1164 3280 interpolirt
1182 3212 1240 3264 und
1258 3227 1310 3264 aus
1328 3216 1343 3265 2
1363 3217 1449 3264 etwas

325 3294 460 3348 besseren
484 3294 707 3348 Handschriftcn
731 3295 873 3365 comigirt,
896 3296 974 3349 nicht
998 3303 1057 3350 erst
1081 3297 1171 3350 durch
1193 3297 1270 3351 diese
1289 3296 1448 3366 Correctun

329 3379 381 3434 wie
399 3379 544 3434 Baehrens
562 3380 658 3448 meint,
675 3380 837 3450 interpolirt
853 3382 966 3435 worden
985 3383 1056 3436 sind.

394 3467 428 3519 In
440 3466 474 3518 iis
489 3482 562 3536 quae
575 3473 729 3537 sequunter
744 3467 929 3522 Schenkelius
947 3469 1036 3522 nostri
1055 3476 1158 3538 poetae
1171 3469 1296 3523 codicem
1309 3469 1449 3523 Corsinia-

323 3570 390 3606 num
407 3551 455 3622 (O)
476 3556 507 3605 43
518 3552 567 3606 ΕΒ
588 3551 682 3622 (sacal.
696 3552 763 3620 XV)
782 3553 897 3606 affinem
915 3569 977 3607 esse
991 3553 1166 3608 demonstrat
1179 3555 1329 3609 admodum
1346 3556 1449 3624 proba-

323 3638 420 3692 biliter
446 3637 511 3692 libri
537 3656 602 3693 mss.
629 3637 781 3709 incogniti,
815 3655 849 3692 ex
878 3655 933 3709 quo
962 3626 1133 3694 derivandae
1162 3641 1221 3694 sint
1246 3640 1450 3696 Baehrensiani

326 3723 431 3778 codicis
449 3723 475 3777 V
493 3724 635 3778 secundae
653 3740 752 3777 manus
773 3725 990 3779 emendationes.

391 3809 412 3879 Ιὶ)
432 3808 502 3861 Luc.
521 3808 622 3862 Miiller
640 3809 729 3877 praef.
748 3827 795 3880 pg.
814 3809 869 3863 IV:
899 3809 965 3865 Jam
987 3828 1069 3865 nemo
1093 3818 1158 3880 post
1176 3813 1321 3866 saeculum
1339 3818 1450 3866 sextum

321 3912 373 3965 per
401 3895 524 3948 medium
551 3908 651 3948 aevum
680 3895 774 3948 extitit
801 3896 850 3965 qui
875 3897 1048 3950 meminisset
1074 3897 1225 3968 Propertii.
1258 3898 1327 3952 Eius
1354 3905 1450 3953 autem

323 3981 477 4035 carminum
496 3981 584 4033 codex
602 3981 715 4034 videtur
735 3997 797 4035 esse
809 3982 941 4035 inventus
960 3989 1057 4037 aetate
1069 3984 1170 4039 Franc.
1184 3985 1339 4039 Petrarcac
1357 3986 1450 4038 medio

325 4067 387 4120 fere
405 4065 480 4120 inter
499 4065 603 4120 Catulli
622 4072 651 4119 et
669 4065 776 4120 Tibulli
800 4068 925 4121 carmina
947 4077 1116 4138 recuperata
1138 4071 1272 4140 temporis
1294 4071 1452 4126 intervallo.

327 4152 412 4206 Certe
431 4152 568 4206 Petraroa
586 4152 687 4206 habuit
705 4153 884 4223 Propertium
902 4155 1009 4224 pariter
1032 4161 1119 4226 atque
1139 4156 1281 4210 Catullum
1302 4157 1332 4210 in
1349 4156 1451 4212 biblio-

324 4239 415 4292 theca.
451 4237 494 4290 ΕΚ
507 4255 564 4308 qua
575 4245 608 4292 ut
620 4240 746 4308 exempla
758 4241 859 4293 horum
876 4247 1025 4309 poetarum
1043 4241 1098 4295 sibi
1116 4243 1344 4297 describerentur
1362 4259 1450 4296 anno

327 4326 392 4376 1374
411 4323 520 4392 petiit
539 4323 735 4379 Coluccius.
773 4324 815 4379 cf.
835 4325 872 4378 M.
890 4325 998 4394 Haupt.
1017 4328 1295 4397 opuscl.1,pg.2il
1314 4345 1356 4397 sq.
