3275 4984
799 451 839 460 .-
885 418 1009 477 70..

296 610 298 616 ·
339 583 507 651 Ciceronis
538 585 605 650 fere
635 589 743 648 aetate
775 580 922 648 additam
934 586 974 662 ¹),
1004 590 1119 665 postea
1140 568 1251 648 rursus
1274 581 1386 663 aliqua
1418 600 1466 644 ex

338 694 432 770 parte
459 687 644 770 ademptam
678 705 749 752 csse
764 690 799 765 ¹),
835 705 900 750 non
939 691 988 773 est
1022 703 1078 749 cur·
1115 685 1269 748 miremur
1301 682 1463 763 videntes,

339 796 494 871 quantam
518 790 571 854 vel
594 789 708 873 optimi
735 794 767 852 et
795 787 1012 853 vetustissimi
1034 786 1095 872 (Cf.
1117 787 1287 863 Ribbeck,
1316 785 1464 869 prolegg.

339 892 433 974 Verg.
455 892 522 957 ind.
545 912 591 974 gr.
613 911 665 975 pg.
690 895 763 967 424)
794 890 870 954 libri
892 910 991 954 manu
1023 889 1136 973 scripti
1158 888 1332 955 ostendant
1354 888 1464 953 inccn-

339 994 496 1060 stantiam
522 1002 620 1080 atque
643 993 898 1059 fluctuationem.

425 1097 648 1181 Propertianis
679 1095 809 1179 quidem
842 1102 878 1160 ut
909 1095 1012 1160 tribus
1050 1094 1256 1177 potissimum
1295 1093 1471 1160 codicibus

340 1199 442 1264 DVN
465 1201 639 1283 scriptura:
663 1199 848 1282 sepulcrum
872 1204 1041 1263 exaratur:

589 1301 736 1385 sepulcro
763 1307 789 1378 1,
812 1306 839 1380 7,
863 1305 903 1366 23
927 1302 1099 1384 sepulchro
1122 1303 1190 1366 NA

590 1405 739 1488 sepulcra
764 1411 789 1485 1,
813 1408 862 1484 22,
885 1409 903 1469 3
927 1404 1026 1468 etiam
1048 1406 1079 1469 N
1099 1406 1188 1470 -chra
1210 1405 1239 1468 A

591 1507 731 1591 sepulcri
754 1512 782 1588 3,
807 1510 854 1587 13,
878 1511 917 1571 37
941 1507 1040 1571 etiam
1062 1508 1093 1572 N

592 1609 739 1695 sepulcro
764 1615 791 1690 4,
816 1615 843 1688 1,
868 1614 907 1675 37
995 1660 1010 1691 ,,
1067 1659 1082 1686 ,,

592 1713 733 1797 sepulcri
755 1719 783 1789 4,
808 1719 835 1791 1,
858 1717 897 1777 59
918 1712 1007 1778 -chri
1029 1713 1059 1778 N

592 1817 775 1900 sepulcrum
798 1822 826 1896 4,
850 1821 879 1887 7,
901 1820 940 1879 27
963 1816 1091 1880 -chrum
1113 1817 1143 1880 N

382 1985 386 2000 1
692 1969 707 1998 11
794 1925 822 1999 41
849 1923 895 1991 161
919 1923 958 1983 23
1025 1969 1040 1998 11
1118 1967 1134 1996 11

490 2053 492 2057 ·
593 2021 743 2105 sepulcra
766 2027 792 2102 5,
818 2027 844 2100 1,
869 2025 909 2086 88
931 2020 1024 2084 -chra
1046 2021 1077 2084 N

593 2125 776 2207 sepulcrum
800 2131 829 2203 5,
853 2130 881 2203 4,
907 2130 920 2188 1
946 2123 1077 2188 -chmm
1101 2124 1130 2188 N

672 2277 687 2308 11
796 2233 824 2308 51
847 2233 875 2306 5,
900 2232 913 2290 1
1025 2274 1042 2301 11
1106 2275 1122 2304 11

673 2380 689 2410 11
798 2335 825 2408 5,
851 2334 937 2409 1111
1028 2378 1043 2405 11
1108 2377 1125 2407 11

346 2434 395 2498 ita
418 2433 579 2514 singulari
600 2431 684 2496 libro
700 2433 817 2498 mssF
841 2431 1107 2497 constantissime
1126 2430 1297 2513 probatam
1320 2427 1476 2495 videmus

349 2534 514 2601 scribendi
536 2535 714 2600 rationem:
738 2534 850 2618 pulcer
873 2541 905 2599 et
927 2553 1011 2616 quac
1033 2533 1240 2599 derivantur:

596 2636 740 2719 pulcrius
763 2641 790 2716 2,
815 2642 843 2715 3,
868 2642 908 2702 34
931 2638 962 2701 N
983 2656 1110 2719 quoque

595 2739 707 2822 pulcer
729 2743 756 2820 3,
780 2744 829 2819 21,
852 2746 871 2803 4

422 2925 441 2996 ³)
461 2926 595 2980 Pulcrum
623 2925 735 2996 scripsit
759 2925 851 2979 Varro
880 2933 997 2980 auctore
1020 2927 1148 2980 Charisio
1177 2930 1222 2994 73,
1253 2928 1297 2979 171
1324 2924 1478 2995 pulchrum

350 3012 441 3066 Varro
460 3011 581 3081 aspirari
599 3012 703 3066 debere
719 3017 816 3082 negat,
833 3028 869 3066 ne
888 3012 999 3066 duabus
1012 3011 1234 3067 consonantibus
1247 3011 1340 3064 media
1352 3010 1476 3064 interce-

352 3099 402 3152 dat
420 3097 571 3168 aspiratio,
595 3097 671 3167 quod
695 3097 807 3150 minime
832 3104 941 3151 rectum
965 3098 1089 3168 antiquis
1107 3098 1319 3155 1110111111-
1337 3096 1480 3150 Veterum

350 3200 457 3238 morem
481 3183 566 3237 etiam
589 3183 689 3236 Cicero
712 3199 743 3236 se
767 3188 895 3237 secutum
918 3189 1042 3238 testatur
1065 3194 1135 3238 orat.
1159 3187 1206 3249 48,
1231 3187 1294 3236 160:
1322 3182 1397 3246 Quin
1422 3199 1483 3252 ego

350 3267 412 3338 ipse
432 3285 494 3322 cum
512 3269 613 3322 scirem
630 3269 672 3322 ita
690 3269 809 3322 maiores
828 3275 943 3323 nostros
966 3270 1077 3324 locutos
1101 3286 1175 3335 0000,
1202 3275 1234 3323 11
1257 3285 1397 3339 nusquam
1420 3267 1480 3322 nisi

351 3354 381 3407 in
398 3353 490 3408 vocali
508 3353 700 3423 adspiratione
719 3360 876 3423 uterentur,
898 3355 1038 3424 loquebar
1056 3355 1105 3424 sic,
1126 3361 1159 3408 ut
1176 3355 1304 3426 pulcrae,
1330 3347 1483 3425 Ceteg'um,

351 3439 498 3509 triumpos,
515 3439 695 3508 kartaginem
707 3439 838 3508 dicerem,
856 3440 1018 3510 aliquando,
1030 3440 1116 3510 idque
1129 3457 1202 3509 sero,
1215 3441 1343 3495 convicio
1356 3441 1483 3504 aurium,

353 3541 416 3579 cum
435 3531 545 3579 extorta
563 3525 630 3578 mihi
653 3525 759 3579 veritas
784 3531 874 3590 esset,
897 3544 979 3580 usum
1002 3526 1136 3597 loquendi
1159 3527 1265 3596 populo
1289 3527 1424 3581 concessi.
1442 3556 1479 3564 -

354 3608 397 3664 Cf.
417 3610 487 3664 Geli.
506 3610 544 3677 II,
563 3614 586 3663 3.
621 3611 748 3664 Eandem
767 3612 936 3680 scripturam
955 3613 1131 3665 commendat
1149 3612 1266 3666 Terent.
1294 3612 1393 3666 Scaur.
1413 3611 1486 3681 VII,

354 3698 396 3763 20,
413 3699 437 3750 4.
455 3725 489 3734 -
508 3694 615 3749 Contra
633 3695 775 3750 scribendi
792 3697 866 3750 ratio
884 3696 1067 3752 PULCHER
1084 3698 1207 3752 occurrit
1225 3698 1254 3751 in
1271 3715 1385 3752 nummo
1404 3715 1430 3752 a.
1443 3697 1481 3753 U.

355 3785 414 3849 650,
433 3779 462 3835 C.
488 3781 515 3835 J.
539 3782 573 3834 L.
597 3781 623 3846 Ι,
647 3784 705 3834 3811.
740 3781 952 3852 Aspirationem
974 3789 1123 3852 praeterea
1146 3783 1272 3852 probant
1289 3784 1377 3839 Prcb.
1398 3783 1482 3838 Cath

357 3870 395 3931 14,
420 3869 465 3935 283
484 3867 587 3922 Santra
611 3883 656 3935 ap.
674 3866 739 3920 Ter.
759 3867 857 3921 Scaur.
876 3867 947 3932 Vll,
969 3871 1010 3937 211,
1029 3873 1044 3920 7
1052 3891 1059 3934 ;
1084 3869 1145 3923 Vel.
1164 3869 1254 3940 Long.
1274 3869 1339 3933 VII,
1364 3874 1406 3938 69,
1432 3873 1480 3935 16;

355 3951 426 4004 Μ11.
452 3950 527 4005 Vici.
554 3951 602 4017 VI,
630 3956 671 4020 21,
701 3956 746 4018 24;
778 3952 889 4023 Caper
916 3954 955 4007 de
982 3955 1070 4008 orth.
1097 3954 1162 4020 VII,
1188 3959 1236 4020 93,
1263 3959 1292 4008 2:
1325 3955 1485 4009 Pulchrum

357 4053 421 4090 eum
437 4037 457 4089 h
474 4036 661 4106 scribendum,
685 4038 845 4108 sepulcrum
863 4039 923 4093 sine
940 4039 967 4094 h.
986 4070 1020 4078 —
1037 4040 1101 4094 Huc
1123 4040 1273 4094 referenda
1292 4058 1366 4110 quae
1384 4047 1485 4095 monet
1518 4034 1523 4046 '
1627 4034 1629 4045 '

358 4122 454 4177 Serv.
472 4123 513 4176 ad
531 4122 600 4177 Ver
607 4141 633 4194 g.
653 4123 745 4178 Geor
752 4141 771 4194 g
786 4123 832 4177 ΠΙ
849 4128 912 4177 223.
937 4125 1007 4179 Tria
1024 4126 1169 4180 habebant
1186 4126 1309 4191 nomina,
1326 4126 1356 4179 in
1375 4126 1485 4196 quibus

358 4225 373 4262 c
390 4208 514 4262 litteram
526 4203 693 4278 sequeretur
710 4208 860 4278 aspiratio:
879 4210 1065 4278 sepulchrum,
1079 4213 1189 4277 0101110,
1202 4213 1328 4282 pulcher,
1347 4213 1490 4282 equibus

358 4293 474 4363 pulcher
491 4299 602 4347 tantum
620 4294 704 4348 hodie
721 4294 823 4365 recipit
841 4295 1049 4364 aspirationem.
