3275 4984
832 1004 862 1079 Ι.

623 1162 688 1232 De
723 1161 1079 1234 declinatione.

754 1349 757 1354 ·
831 1328 873 1393 A.

373 1465 417 1530 Ut
439 1465 617 1530 ordiamur
654 1486 674 1529 0
711 1465 911 1530 substantivi
944 1473 976 1530 et
1006 1465 1161 1531 adiectivi
1194 1465 1414 1530 declinatione

286 1567 425 1651 primum
455 1568 550 1633 nobis
581 1566 808 1642 disserendum
832 1575 882 1634 est
904 1567 945 1633 de
969 1588 1080 1634 eorum
1102 1569 1335 1634 vocabulorum
1358 1569 1417 1634 for-

235 1746 239 1749 ,
287 1670 450 1748 motione,
480 1691 564 1752 quae
588 1671 715 1736 Graeca
745 1671 900 1753 elingua
931 1671 1036 1755 petita
1066 1671 1333 1753 frequentissima
1361 1690 1416 1753 ge-

292 1773 394 1838 nuina
418 1779 449 1838 et
471 1774 580 1857 patria
604 1774 712 1856 specie
734 1773 769 1837 in
792 1774 954 1857 Propertii
978 1774 1102 1863 elegiis
1117 1781 1298 1840 occurrunt.

373 1874 467 1953 Quod
490 1876 541 1940 vel
564 1877 707 1940 manime
730 1876 928 1941 monendum
951 1883 1000 1942 est
1015 1875 1055 1941 de
1071 1877 1302 1942 femininorum
1316 1877 1416 1941 nomi-

287 1998 365 2043 num
388 1998 493 2061 propr.
516 1979 650 2061 primae,
674 1998 757 2061 quae
780 1980 879 2060 vulgo
903 1978 1040 2059 dieitur,
1063 1979 1295 2044 declinationis
1318 1979 1417 2044 uomi-

286 2081 398 2145 nativo
434 2089 467 2145 et
497 2082 661 2161 vocativo,
701 2101 782 2164 quos
820 2101 916 2147 casus
961 2082 1111 2164 legitima
1155 2082 1250 2164 quasi
1287 2082 1415 2148 ratione

288 2183 486 2249 Graecorum
509 2205 600 2250 more
622 2192 721 2268 poeta
742 2185 778 2248 in
800 2205 829 2249 -e
851 2185 940 2249 exire
963 2185 1076 2249 voluit.

373 2287 488 2369 ltaque
517 2287 721 2370 reperiuntur
748 2287 818 2352 eius
849 2287 979 2370 generis
1011 2287 1162 2370 exempla
1192 2293 1224 2352 et
1247 2287 1415 2352 codicibus

290 2396 322 2454 et
344 2390 440 2453 metri
463 2388 591 2472 legibus
614 2389 751 2469 firmata,
774 2390 887 2473 qualia
911 2390 1204 2456 nominativorum:

375 2492 558 2577 Amymone
590 2497 617 2571 3,
650 2497 698 2573 26,
722 2498 778 2572 47,
816 2491 1023 2558 Andromede
1048 2499 1074 2573 1,
1105 2498 1132 2573 3,
1164 2499 1199 2572 4,
1235 2498 1262 2574 3,
1286 2497 1335 2568 28,
1359 2497 1416 2570 21,

294 2600 321 2674 5,
352 2600 380 2674 7,
412 2600 469 2675 63,
515 2593 764 2677 andromedaeq.
801 2596 902 2660 NVm.
930 2600 949 2659 2
986 2594 1218 2677 andromadeq.
1247 2597 1274 2660 F
1305 2594 1419 2659 andro

290 2697 438 2780 madaeq.
463 2698 538 2778 DV;
562 2698 704 2780 Antiope
727 2704 754 2778 4,
780 2703 827 2777 15,
851 2703 908 2777 22,
934 2698 1082 2780 Calliope
1097 2704 1124 2778 2,
1150 2705 1176 2777 1,
1199 2703 1236 2777 3,
1259 2697 1418 2780 Cassiope

292 2805 317 2874 1,
342 2801 389 2881 17,
413 2805 446 2875 3,
479 2801 607 2883 caliope
626 2801 695 2865 Fm.
722 2806 735 2863 1
758 2800 1003 2884 casiopaeDV;
1035 2801 1216 2884 Cymothoe
1240 2805 1267 2870 3,
1289 2805 1339 2881 26,
1365 2806 1416 2877 16,

289 2902 406 2966 Danae
435 2907 462 2982 3,
485 2907 535 2982 32,
560 2907 613 2982 59,
658 2901 744 2968 dane
766 2905 811 2983 N,
844 2901 953 2968 danne
981 2905 1056 2982 DV;
1100 2904 1198 2968 Dirce
1222 2909 1250 2979 4,
1282 2908 1329 2984 15,
1362 2908 1417 2982 11,

291 3003 428 3069 Euadne
454 3011 480 3084 1,
506 3011 552 3086 15,
577 3011 633 3086 21,
656 3012 684 3086 4,
710 3011 757 3086 13,
781 3011 835 3086 24,
858 3005 1073 3086 0111101111οΝ,
1096 3007 1225 3089 Europe
1248 3011 1276 3086 3,
1295 3010 1344 3086 28,
1363 3010 1417 3085 52,

290 3126 431 3190 europae
460 3108 502 3189 D;
543 3108 667 3172 Helene
690 3113 723 3189 4,
756 3114 808 3190 14,
842 3113 897 3188 18,
933 3108 1051 3174 helena
1082 3110 1193 3173 rna
1225 3108 1363 3173 helenae
1386 3108 1416 3170 D

290 3210 476 3294 Hypsipyle
510 3217 535 3290 1,
572 3212 628 3291 15,
652 3215 708 3286 18,
743 3215 798 3290 193
829 3211 902 3276 Jole
925 3218 952 3291 5,
981 3218 1009 3292 5,
1033 3217 1091 3291 35,
1129 3214 1211 3295 Jope
1235 3217 1262 3291 3,
1286 3217 1335 3292 28,
1359 3218 1417 3290 51,

293 3311 507 3378 Ischomache
539 3318 567 3390 2,
591 3317 617 3392 2,
641 3318 676 3392 9,
708 3314 832 3396 Lalage
856 3320 883 3395 5,
908 3320 935 3394 7,
958 3319 1015 3394 45,
1045 3315 1215 3397 Lampetie
1238 3320 1265 3395 4,
1290 3318 1338 3390 12,
1360 3319 1418 3390 30,

217 3481 218 3484 ,
290 3415 455 3498 Pasiphae
478 3421 505 3496 3,
536 3420 585 3493 28,
609 3420 665 3491 52,
694 3404 879 3500 pasiphone
902 3416 1003 3480 DVm.
1029 3422 1061 3497 1,
1094 3417 1256 3499 Penelope
1280 3420 1307 3491 2,
1331 3421 1360 3493 9,
1382 3421 1416 3492 3,

292 3522 319 3591 1,
346 3522 471 3601 1014,
978 3534 980 3541 ·

293 3619 441 3685 codicum
465 3621 534 3687 solo
558 3628 718 3687 concentu
741 3621 871 3686 firmata
892 3621 990 3685 haec:

375 3724 512 3809 Amycle
536 3730 564 3798 5,
588 3731 615 3805 5,
640 3729 696 3798 35,
729 3724 862 3809 Cybebe
886 3730 914 3797 4,
947 3729 994 3804 17,
1023 3729 1063 3788 35
1086 3724 1120 3787 L.
1144 3723 1184 3788 Μ.
1208 3722 1335 3806 cybelle
1357 3723 1418 3786 DV

246 3879 249 3899 ,
289 3826 404 3890 Baehr.
437 3827 552 3910 cybele
579 3828 606 3891 F
636 3826 742 3892 eibele
771 3828 816 3904 N,
848 3832 885 3902 4,
915 3831 972 3905 22,
1005 3831 1023 3891 3
1055 3825 1182 3910 cybelle
1212 3825 1272 3890 DV
1300 3825 1418 3890 Baehr.

288 3928 459 4012 cybilleF
488 3929 586 3995 cibile
609 3932 640 3995 N
663 3930 795 4015 Cybebe
818 3930 853 3993 L.
875 3929 915 3992 M.

288 4031 440 4096 vocatia:
464 4038 496 4096 et
513 4031 608 4097 metri
624 4032 807 4097 rationibus
824 4037 856 4096 et
870 4030 947 4095 libb.
963 4050 1039 4097 mss.
1051 4030 1247 4096 testimoniis
1271 4030 1416 4094 firmata:

289 4132 470 4216 Cymothoe
486 4139 513 4208 3,
528 4139 578 4210 26,
595 4140 649 4208 16,
671 4134 852 4218 Hippolyte
867 4140 895 4212 5,
914 4138 942 4208 3,
960 4138 1017 4210 43,
1039 4133 1226 4198 Leucothoe
1244 4137 1273 4208 3,
1291 4137 1340 4213 26,
1362 4134 1416 4209 10,

290 4235 410 4320 Sparte
429 4242 457 4312 4,
483 4242 529 4318 14,
554 4243 568 4301 1
596 4237 671 4302 0110.
